@inproceedings{ho2019detecting,
  title={Detecting and characterizing lateral phishing at scale},
  author={Ho, Grant and Cidon, Asaf and Gavish, Lior and Schweighauser, Marco and Paxson, Vern and Savage, Stefan and Voelker, Geoffrey M and Wagner, David},
  booktitle={28th USENIX Security Symposium (USENIX Security 19)},
  pages={1273--1290},
  year={2019}
}

@misc{corelink,
  title = "{Corelink: Real Time Networking for Research}",
  note = "\url{https://corelink.hsrn.nyu.edu/}"
}


@misc{panswitch,
  title = "{Palo Alto Networks ML-Powered Next-Generation Firewall Specifications and Features Summary}",
  note = "\url{https://www.paloaltonetworks.com/apps/pan/public/downloadResource?pagePath=/content/pan/en_US/resources/datasheets/product-summary-specsheet}"
}


@misc{aristaswitch,
  title = "{Arista eAPI}",
  note = "\url{https://www.arista.com/assets/data/pdf/Whitepapers/Arista_eAPI_FINAL.pdf}"
}

@misc{ciscoswitch,
  title = "{Cisco Firepower 9300 Series Data Sheet}",
  note = "\url{https://www.cisco.com/c/en/us/products/collateral/security/firepower-9000-series/datasheet-c78-742471.html}"
}

@inproceedings{dart2013science,
  title={The science dmz: A network design pattern for data-intensive science},
  author={Dart, Eli and Rotman, Lauren and Tierney, Brian and Hester, Mary and Zurawski, Jason},
  booktitle={Proceedings of the International Conference on High Performance Computing, Networking, Storage and Analysis},
  pages={1--10},
  year={2013}
}


@inproceedings{huang2013high,
  title={High-fidelity switch models for software-defined network emulation},
  author={Huang, Danny Yuxing and Yocum, Kenneth and Snoeren, Alex C},
  booktitle={Proceedings of the second ACM SIGCOMM workshop on Hot topics in software defined networking},
  pages={43--48},
  year={2013}
}

@inproceedings{huang2018tracking,
  title={Tracking ransomware end-to-end},
  author={Huang, Danny Yuxing and Aliapoulios, Maxwell Matthaios and Li, Vector Guo and Invernizzi, Luca and Bursztein, Elie and McRoberts, Kylie and Levin, Jonathan and Levchenko, Kirill and Snoeren, Alex C and McCoy, Damon},
  booktitle={2018 IEEE Symposium on Security and Privacy (SP)},
  pages={618--631},
  year={2018},
  organization={IEEE}
}


@article{huang2020iot,
  title={IoT inspector: Crowdsourcing labeled network traffic from smart home devices at scale},
  author={Huang, Danny Yuxing and Apthorpe, Noah and Li, Frank and Acar, Gunes and Feamster, Nick},
  journal={Proceedings of the ACM on Interactive, Mobile, Wearable and Ubiquitous Technologies},
  volume={4},
  number={2},
  pages={1--21},
  year={2020},
  publisher={ACM}
}

@inproceedings{thakkar2022would,
  title={“It would probably turn into a social faux-pas”: Users’ and Bystanders’ Preferences of Privacy Awareness Mechanisms in Smart Homes},
  author={Thakkar, Parth Kirankumar and He, Shijing and Xu, Shiyu and Huang, Danny Yuxing and Yao, Yaxing},
  booktitle={Proceedings of the 2022 CHI Conference on Human Factors in Computing Systems},
  pages={1--13},
  year={2022}
}


@article{major2021alexa,
  title={Alexa, who am I speaking to?: Understanding users’ ability to identify third-party apps on Amazon Alexa},
  author={Major, David and Huang, Danny Yuxing and Chetty, Marshini and Feamster, Nick},
  journal={ACM Transactions on Internet Technology (TOIT)},
  volume={22},
  number={1},
  pages={1--22},
  year={2021},
  publisher={ACM New York, NY}
}

@article{cruz2023augmented,
  title={Augmented Reality's Potential for Identifying and Mitigating Home Privacy Leaks},
  author={Cruz, Stefany and Danek, Logan and Liu, Shinan and Kraemer, Christopher and Wang, Zixin and Feamster, Nick and Huang, Danny Yuxing and Yao, Yaxing and Hester, Josiah},
  journal={Usable Security Workshop (USEC)},
  year={2023}
}

@inproceedings {235461,
author = {Vector Guo Li and Matthew Dunn and Paul Pearce and Damon McCoy and Geoffrey M. Voelker and Stefan Savage},
title = {Reading the Tea leaves: A Comparative Analysis of Threat Intelligence},
booktitle = {28th USENIX Security Symposium (USENIX Security 19)},
year = {2019},
isbn = {978-1-939133-06-9},
address = {Santa Clara, CA},
pages = {851--867},
url = {https://www.usenix.org/conference/usenixsecurity19/presentation/li},
publisher = {USENIX Association},
month = aug,
}


@inproceedings{zhao-osdi20,
  author = {Zhao, Zhipeng and Sadok, Hugo and Atre, Nirav and Hoe, James and Sekar, Vyas and Sherry, Justine},
  title = {Achieving 100Gbps Intrusion Prevention on a Single Server},
  booktitle = {Proceedings of the 14th {USENIX} Symposium on Operating Systems Design and Implementation ({OSDI})},
  series = {OSDI '20},
  year = {2020},
  publisher = {USENIX Association},
  address = {Berkeley, CA, USA},
  code = {https://github.com/cmu-snap/pigasus},
  press = {The Morning Paper, Dark Reading}
}


@inproceedings{emami2020ask,
  title={Ask the experts: What should be on an IoT privacy and security label?},
  author={Emami-Naeini, Pardis and Agarwal, Yuvraj and Cranor, Lorrie Faith and Hibshi, Hanan},
  booktitle={2020 IEEE Symposium on Security and Privacy (SP)},
  pages={447--464},
  year={2020},
  organization={IEEE}
}

@inproceedings{barradas2021flowlens,
  title={FlowLens: Enabling Efficient Flow Classification for ML-based Network Security Applications.},
  author={Barradas, Diogo and Santos, Nuno and Rodrigues, Lu{\'\i}s and Signorello, Salvatore and Ramos, Fernando MV and Madeira, Andr{\'e}},
  booktitle={NDSS},
  year={2021}
}