
@string{ACTS            = "Advanced Communications Technologies and Services (ACTS) Mobile Communication Summit"}
@string{ACTS_1996       = "Proc.\ 1st~" # ACTS}
@string{ASPLOS          = "ACM International Conference on Architectural Support for Programming Languages and Operating Systems (ASPLOS)"}
@string{ASPLOS_1996     = "Proc.\ 7th ASPLOS"}
@string{ASPLOS_2000     = "Proc.\ 9th ASPLOS"}
@string{BCR             = "Business Communications Review"}
@string{BSDCON_2003     = "BSDCon '03"}
@string{CACM            = "Communications of the ACM"}
@string{COMPUTER        = "IEEE Computer"}
@string{COMPUTER_NET    = "Computer Networks"}
@string{CCR             = "ACM SIGCOMM Computer Communication Review"}
@string{DANCE           = "Proc.\ DARPA Active Networks Conference and Exposition"}
@string{DANCE_2002      = DANCE # "\ (DANCE 2002)"}
@string{EWSCDA_1998     = "Proc.\ 8th ACM SIGOPS European Workshop on Support for Composing Distributed Applications"}
@string{HOTI            = "A symposium on high performance interconnects"}
@string{HOTI_1999       = "Hot Interconnects 7:\ " # HOTI}
@string{HOTNETS_2002    = "Proc.\ HotNets--I"}
@string{HOTNETS_2003    = "Proc.\ HotNets--II"}
@string{HOTOS           = "Workshop on Hot Topics in Operating Systems"}
@string{HOTOS_1999      = "Proc.\ 7th~" # HOTOS # " (HotOS--VII)"}
@string{HOTOS_2001      = "Proc.\ 8th~" # HOTOS # " (HotOS--VIII)"}
@string{ICC             = "Proc.\ IEEE International Conference on Communications"}
@string{ICC_2002        = ICC # "\ (ICC 2002)"}
@string{ICFP            = "SIGPLAN International Conference on Functional Programming Languages"}
@string{ICFP_1998       = "Proc.\ 3rd ACM\ " # ICFP}
@string{ICDCS           = "International Conference on Distributed Computing Systems (ICDCS)"}
@string{ICDCS_1988      = "Proc.\ 8th ICDCS"}
@string{ICDCS_2000      = "Proc.\ 20th ICDCS"}
@string{ICNP            = "IEEE International Conference on Networking Protocols"} 
@string{ICNP_2003       = "Proc.\ 11th ICNP"}
@string{ICS             = "ACM International Conference on Supercomputing"}
@string{ICS_1990        = "Proc.\ 4th~" # ICS}
@string{ICMCS_1994      = "Int.\ Conf.\ Multimedia Computing \& Systems"}
@string(IJPDSN          = "International Journal of Parallel and Distributed Systems and Networks")
@string{INFOCOM_2000    = "Proc.\ INFOCOM 2000"}
@string{INFOCOM_2002    = "Proc.\ INFOCOM 2002"}
@string{IPTPS_2002      = "Proc.\ 1st Int.\ Workshop on Peer-to-Peer Systems (IPTPS'02)"}
@string{ISCA            = "Annual ACM/IEEE International Symposium on Computer Architecture (ISCA)"}
@string{ISCA_1998       = "Proc.\ 25th~" # ISCA}
@string{JSAC            = "IEEE J.\ Sel.\ Areas Comm."}
@string{LISA            = "Systems Administration Conference"}
@string{LISA_1990       = "Proc.\ 11th~" # LISA # "\ (LISA '90)"}
@string{LISA_1997       = "Proc.\ 11th~" # LISA # "\ (LISA '97)"}
@string{LISA_1998       = "Proc.\ 11th~" # LISA # "\ (LISA '98)"}
@string{LISA_2000       = "Proc.\ 14th~" # LISA # "\ (LISA '00)"}
@string{LISA_2007       = "Proc.\ 21th~" # LISA # "\ (LISA '07)"}
@string{MICRO           = "IEEE Micro"}
@string{MIDDLEWARE      = "IFIP/ACM International Conference on Distributed Systems Platforms"}
@string{MIDDLEWARE_2001 = "Proc.\ 18th Middleware"}
@string{MUG             = "Myrinet User Group Conference"}
@string{MUG_2000        = "Proc.\ First~" # MUG # "\ (MUG 2000)"}
@string{NOSSDAV         = "Network and Operating System Support for Digital Audio and Video (NOSSDAV)"}
@string{NOSSDAV_1997    = "Proc.\ 7th International Workshop on\ " # NOSSDAV}
@string{NOSSDAV_1998    = "Proc.\ 8th International Workshop on\ " # NOSSDAV}
@string{OLS             = "Ottawa Linux Symposium"}
@string{OLS_2003        = "Proc.\ OLS 2003"}
@string{OPENARCH        = "International Conference on Open Architectures and Network Programming (OPENARCH)"}
@string{OPENARCH_2001   = "Proc.\ 4th~" # OPENARCH}
@string{OPENARCH_2002   = "Proc.\ 5th~" # OPENARCH}
@string{OSDI            = "Operating System Design and Implementation (OSDI)"}
@string{OSDI_1994       = "Proc.\ 1st OSDI"}
@string{OSDI_1996       = "Proc.\ 2nd OSDI"}
@string{OSDI_1999       = "Proc.\ 3rd OSDI"}
@string{OSDI_2002       = "Proc.\ 5th OSDI"}
@string{NSDI_2004       = "Proc.\ 1st NSDI"}
@string{NSDI_2005       = "Proc.\ 2nd NSDI"}
@string{NSDI_2006       = "Proc.\ 3rd NSDI"}
@string{NSDI_2007       = "Proc.\ 4th NSDI"}
@string{NSDI_2008       = "Proc.\ 5th NSDI"}
@string{OSR             = "Operating Systems Review"}
@string{PERVASIVE       = "International Conference on Pervasive Computing"}
@string{PERVASIVE_2002  = "Proc.\ Pervasive 2002"}
@string{NETWORKING      = "International IFIP--TC6 Networking Conference"}
@string{NETWORKING_2002 = "Proc.\ 2nd~" # NETWORKING # "\ (NETWORKING 2002)"}
@string{SANE_2000       = "Proc.\ 2nd Int.\ SANE Conf."}
@string{RFC             = "Internet Req.\ for Cmts."}
@string{SIGCOMM_1988    = "Proc.\ SIGCOMM '88"}
@string{SIGCOMM_1992    = "Proc.\ SIGCOMM '92"}
@string{SIGCOMM_1994    = "Proc.\ SIGCOMM '94"}
@string{SIGCOMM_1996    = "Proc.\ SIGCOMM '96"}
@string{SIGCOMM_1997    = "Proc.\ SIGCOMM '97"}
@string{SIGCOMM_1998    = "Proc.\ SIGCOMM '98"}
@string{SIGCOMM_1999    = "Proc.\ SIGCOMM '99"}
@string{SIGCOMM_2001    = "Proc.\ SIGCOMM 2001"}
@string{SIGMETRICS      = "Proc.\ SIGMETRICS\ "}
@string{SIGMETRICS_2000 = SIGMETRICS # "2000"}
@string{SIGMETRICS_2001 = SIGMETRICS # "2001"}
@string{SOSP            = "Symposium on Operating Systems Principles (SOSP)"}
@string{SOSP_1995       = "Proc.\ 15th SOSP"}
@string{SOSP_1999       = "Proc.\ 17th SOSP"}
@string{SOSP_2001       = "Proc.\ 18th SOSP"}
@string{SOSP_2003       = "Proc.\ 19th SOSP"}
@string{SOSP_2005       = "Proc.\ 20th SOSP"}
@string{TOCS            = "ACM Transactions on Computer Systems"}
@string{TON             = "IEEE/ACM Transactions on Networking"}
@string{USENIX          = "USENIX Annual Technical Conference"}
@string{USENIX_SEC      = "USENIX Security Symposium"}
@string{USENIX_2005     = "Proc.\ USENIX '05"}
@string{USENIX_2004     = "Proc.\ USENIX '04"}
@string{USENIX_2002     = "Proc.\ USENIX '02"}
@string{USENIX_1996     = "Proc.\ USENIX '96"}
@string{USS_1999        = "Proc.\ 8th " # USENIX_SEC}
@string{USS_2002        = "Proc.\ 11th " # USENIX_SEC}
@string{USS_2003        = "Proc.\ 12th " # USENIX_SEC}
@string{USITS           = "USENIX Symposium on Internet Technologies"}
@string{USITS_2003      = "Proc.\ 4th USITS"}
@string{WISP            = "Workshop on Internet Server Performance"}
@string{WISP_1998       =" Proc.\ " # WISP # " 1998"}
@string{WORLDS_2004     ="Proc. of the 1st Workshop on Real, Large Distributed Systems"}
@string{WORLDS_2005     ="Proc. of the 2nd Workshop on Real, Large Distributed Systems"}
@string{WSS             = "USENIX Windows Sys.\ Symp."}
@string{WSS_2000        = "Proc.\ 4th~" # WSS}
@string{WWOS            = "Workshop on Workstation Operating Systems"}
@string{WWOS_1992       = "Proc.\ 3rd " # WWOS}

@string{ALASKA          = "AK"}
@string{ARIZONA         = "AZ"}
@string{CALIFORNIA      = "CA"}
@string{COLORADO        = "CO"}
@string{GEORGIA         = "GA"}
@string{LOUISIANA       = "LA"}
@string{MARYLAND        = "MD"}
@string{MASSACHUSETTS   = "MA"}
@string{MISSOURI        = "MO"}
@string{NEW_JERSEY      = "NJ"}
@string{NEW_MEXICO      = "NM"}
@string{NEW_YORK        = "NY"}
@string{OREGON          = "OR"}
@string{PENNSYLVANIA    = "PA"}
@string{SOUTH_CAROLINA  = "SC"}
@string{TEXAS           = "TX"}
@string{WASHINGTON      = "WA"}
@string{WISCONSIN       = "WI"}

@string{BOSTON               = "Boston,\ " # MASSACHUSETTS}
@string{SAN_FRANCISCO        = "San Francisco,\ " # CALIFORNIA}
@string{WASHINGTON_DC        = "Washington,\ DC"}

@string{ACTS_1996_ADDR       = "Granada, Spain"}
@string{ASPLOS_1996_ADDR     = "Cambridge,\ " # MASSACHUSETTS}
@string{ASPLOS_2000_ADDR     = "Cambridge,\ " # MASSACHUSETTS}
@string{DANCE_2002_ADDR      = SAN_FRANCISCO}
@string{EWSCDA_1998_ADDR     = "Sintra, Portugal"}
@string{HOTI_1999_ADDR       = "Stanford,\ " # CALIFORNIA}
@string{HOTNETS_2002_ADDR    = "Princeton,\ " # NEW_JERSEY}
@string{HOTNETS_2003_ADDR    = "Cambridge,\ " # MASSACHUSETTS}
@string{HOTOS_1999_ADDR      = "Rio Rico,\ " # ARIZONA}
@string{HOTOS_2001_ADDR      = "Oberbayern, Germany"}
@string{ICFP_1998_ADDR       = "Baltimore,\ " # MARYLAND}
@string{ICDCS_1988_ADDR      = "San Jose,\ " # CALIFORNIA}
@string{ICDCS_2000_ADDR      = "Taipei, Taiwan"}
@string{ICC_2002_ADDR        = "New York City"}
@string{ICMCS_1994_ADDR      = "Boston,\ " # MASSACHUSETTS}
@string{ICNP_2003_ADDR       = "Atlanta,\ " # GEORGIA}
@string{ICS_2002_ADDR        = "New York City"}
@string{ICS_1988_ADDR        = "Saint Malo, France"}
@string{ICS_1989_ADDR        = "Crete, Greece"}
@string{ICS_1990_ADDR        = "Amsterdam, The Netherlands"}
@string{ICS_1991_ADDR        = "Cologne, West Germany"}
@string{ICS_1992_ADDR        = "Washington, DC"}
@string{ICS_1993_ADDR        = "Tokyo, Japan"}
@string{ICS_1994_ADDR        = "Manchester, England"}
@string{ICS_1995_ADDR        = "Barcelona, Spain"}
@string{ICS_1996_ADDR        = "Philadelphia,\ " # PENNSYLVANIA}
@string{ICS_1997_ADDR        = "Vienna, Austria"}
@string{ICS_1998_ADDR        = "Melbourne, Australia"}
@string{ICS_1999_ADDR        = "Rhodes, Greece"}
@string{ICS_2000_ADDR        = "Santa Fe,\ " # NEW_MEXICO}
@string{ICS_2001_ADDR        = "Sorrento, Italy"}
@string{INFOCOM_2000_ADDR    = "Tel-Aviv, Israel"}
@string{INFOCOM_2002_ADDR    = "New York City"}
@string{IPTPS_2002_ADDR      = "Cambridge,\ " # MASSACHUSETTS}
@string{ISCA_1998_ADDR       = "Barcelona, Spain"}
@string{LISA_1997_ADDR       = "San Diego,\ " # CALIFORNIA}
@string{LISA_2007_ADDR       = "Dallas,\ " # TEXAS}
@string{MIDDLEWARE_2001_ADDR = "Heidelberg, Germany"}
@string{MUG_2000_ADDR        = "Lyon, France"}
@string{NETWORKING_2002_ADDR = "Pisa, Italy"}
@string{NOSSDAV_1997_ADDR    = "St.~Louis,\ " # MISSOURI}
@string{NOSSDAV_1998_ADDR    = "Cambridge, UK"}
@string{OLS_ADDR             = "Ottawa, Ontario, Canada"}
@string{OPENARCH_2001_ADDR   = "Anchorage,\ " # ALASKA}
@string{OPENARCH_2002_ADDR   = "New York City"}
@string{OSDI_1994_ADDR       = "Monterey,\ " # CALIFORNIA}
@string{OSDI_1996_ADDR       = "Seattle,\ " # WASHINGTON}
@string{OSDI_1999_ADDR       = "New Orleans,\ " # LOUISIANA}
@string{OSDI_2002_ADDR       = "Boston,\ " # MASSACHUSETTS}
@string{NSDI_2004_ADDR       = "San Francisco,\ " # CALIFORNIA}
@string{NSDI_2005_ADDR       = "Boston,\ " # MASSACHUSETTS}
@string{NSDI_2006_ADDR       = "San Jose,\ " # CALIFORNIA}
@string{NSDI_2007_ADDR       = "Cambridge,\ " # MASSACHUSETTS}
@string{NSDI_2008_ADDR       = "San Francisco,\ " # CALIFORNIA}
@string{PERVASIVE_2002_ADDR  = "Zurich, Switzerland"}
@string{SANE_2000_ADDR       = "Maastricht, The Netherlands"}
@string{SIGCOMM_1988_ADDR    = "Stanford,\ " # CALIFORNIA}
@string{SIGCOMM_1992_ADDR    = "Baltimore,\ " # MARYLAND}
@string{SIGCOMM_1994_ADDR    = "London"}
@string{SIGCOMM_1996_ADDR    = "Stanford,\ " # CALIFORNIA}
@string{SIGCOMM_1997_ADDR    = "Cannes, France"}
@string{SIGCOMM_1998_ADDR    = "Vancouver, British Columbia, Canada"}
@string{SIGCOMM_1999_ADDR    = "Cambridge,\ " # MASSACHUSETTS}
@string{SIGCOMM_2001_ADDR    = "San Diego,\ " # CALIFORNIA}
@string{SIGMETRICS_2000_ADDR = "Santa Clara,\ " # CALIFORNIA}
@string{SIGMETRICS_2001_ADDR = "Cambridge,\ " # MASSACHUSETTS}
@string{SOSP_1995_ADDR       = "Copper Mountain Resort,\ " # COLORADO}
@string{SOSP_1999_ADDR       = "Kiawah Island Resort,\ " # SOUTH_CAROLINA}
@string{SOSP_2001_ADDR       = "Banff, Alberta, Canada"}
@string{SOSP_2003_ADDR       = "Lake George,\ " # NEW_YORK}
@string{SOSP_2005_ADDR       = "Brighton, UK"}
@string{USENIX_2005_ADDR     = "Anaheim,\ " # CALIFORNIA}
@string{USENIX_2004_ADDR     = "Boston,\ " # MASSACHUSETTS}
@string{USITS_2003_ADDR      = "Seattle,\ " # WASHINGTON}
@string{WISP_1998_ADDR       = "Madison,\ " # WISCONSIN}
@string{WSS_2000_ADDR        = "Seattle,\ " # WASHINGTON}

@string{JANUARY    = "Jan"}
@string{FEBRUARY   = "Feb"}
@string{MARCH      = "Mar"}
@string{APRIL      = "Apr"}
@string{MAY        = "May"}
@string{JUNE       = "Jun"}
@string{JULY       = "Jul"}
@string{AUGUST     = "Aug"}
@string{SEPTEMBER  = "Sep"}
@string{OCTOBER    = "Oct"}
@string{NOVEMBER   = "Nov"}
@string{DECEMBER   = "Dec"}




@InProceedings{Alexander_SIGCOMM_1997,
   Author       = "D. Scott Alexander and Marianne Shaw and Scott M. Nettles
                   and Jonathan M. Smith",
   Title        = "{Active Bridging}",
   Booktitle    = SIGCOMM_1997,
   Address      = SIGCOMM_1997_ADDR,
   Pages        = "101--111",
   Month        = SEPTEMBER,
   Year         = 1997
}


@Manual{ACEnic_DS,
   Title        = "{{ACEnic} Server-Optimized 10/100/1000 Mbps Ethernet
                    Adapters Datasheet}",
   Organization = "{Alteon WebSystems, Inc.}",
   Address      = "San Jose,\ " # CALIFORNIA,
   Month        = AUGUST,
   Year         = 1999
}


@InProceedings{Alverson_ICS_1990,
   Author       = "R. Alverson and D. Callahan and D. Cummings and B. Koblenz
                   and A. Poterfield and B. Smith",
   Title        = "{The Tera Computer System}",
   Booktitle    = ICS_1990,
   Address      = ICS_1990_ADDR,
   Pages        = "1--6",
   Month        = JUNE,
   Year         = 1990
}


%              Andersen_SOSP_2001 -- AKA: Andersen01
@InProceedings{Andersen_SOSP_2001,
   Author       = "David Andersen and Hari Balakrishnan and Frans Kaashoek
                   and Robert Morris",
   Title        = "{Resilient Overlay Networks}",
   Booktitle    = SOSP_2001,
   Address      = SOSP_2001_ADDR,
   Pages        = "131--145",
   Month        = OCTOBER,
   Year         = 2001
}

@inproceedings{lu2008ecpp,
  title={ECPP: Efficient conditional privacy preservation protocol for secure vehicular communications},
  author={Lu, Rongxing and Lin, Xiaodong and Zhu, Haojin and Ho, Pin-Han and Shen, Xuemin},
  booktitle={INFOCOM 2008. The 27th Conference on Computer Communications. IEEE},
  pages={1229--1237},
  year={2008},
  organization={IEEE}
}


@article{zhang2010scalable,
  title={A scalable robust authentication protocol for secure vehicular communications},
  author={Zhang, Lei and Wu, Qianhong and Solanas, Agusti and Domingo-Ferrer, Josep},
  journal={Vehicular Technology, IEEE Transactions on},
  volume={59},
  number={4},
  pages={1606--1617},
  year={2010},
  publisher={IEEE}
}

@inproceedings{hao2010secure,
  title={Secure data downloading with privacy preservation in vehicular ad hoc networks},
  author={Hao, Yong and Tang, Jin and Cheng, Yu and Zhou, Chi},
  booktitle={Communications (ICC), 2010 IEEE International Conference on},
  pages={1--5},
  year={2010},
  organization={IEEE}
}

@article{zhuang2012uplink,
  title={On the uplink mac performance of a drive-thru internet},
  author={Zhuang, Yanyan and Pan, Jianping and Viswanathan, Vidhoon and Cai, Lin},
  journal={Vehicular Technology, IEEE Transactions on},
  volume={61},
  number={4},
  pages={1925--1935},
  year={2012},
  publisher={IEEE}
}

@inproceedings{ott2004drive,
  title={Drive-thru Internet: IEEE 802.11 b for},
  author={Ott, J{\"o}rg and Kutscher, Dirk},
  booktitle={INFOCOM 2004. Twenty-third AnnualJoint Conference of the IEEE Computer and Communications Societies},
  volume={1},
  year={2004},
  organization={IEEE}
}

@misc{ipv6,
	Note = {\url{http://www.networkworld.com/news/2009/032509-ipv6-mistake.html}},
	Title = {Biggest mistake for {IP}v6: It's not backwards compatible, developers admit},
	Key   = {Biggest mistake for {IP}v6: It's not backwards compatible, developers admit},
}

@article{landa2013large,
  title={The Large-Scale Geography of Internet Round Trip Times},
  author={Landa Gamiochipi, RL and Araujo, JT and Clegg, R and Mykoniati, E and Griffin, D and Rio, M},
  year={2013}
}


@inproceedings{bonomi2012fog,
  title={Fog computing and its role in the internet of things},
  author={Bonomi, Flavio and Milito, Rodolfo and Zhu, Jiang and Addepalli, Sateesh},
  booktitle={Proceedings of the first edition of the MCC workshop on Mobile cloud computing},
  pages={13--16},
  year={2012},
  organization={ACM}
}

@inproceedings{song2011certificateless,
  title={Certificateless Secure Upload for Drive-thru Internet},
  author={Song, Jun and Zhuang, Yanyan and Pan, Jianping and Cai, Lin},
  booktitle={Communications (ICC), 2011 IEEE International Conference on},
  pages={1--6},
  year={2011},
  organization={IEEE}
}

@inproceedings{zhuang2010probabilistic,
  title={A probabilistic model for message propagation in two-dimensional vehicular ad-hoc networks},
  author={Zhuang, Yanyan and Pan, Jianping and Cai, Lin},
  booktitle={Proceedings of the seventh ACM international workshop on VehiculAr InterNETworking},
  pages={31--40},
  year={2010},
  organization={ACM}
}

@InProceedings{Annapureddy_NSDI_2005,
   Author       = "Siddhartha Annapureddy and Michael J. Freedman and David Mazi\`{e}res",
   Title        = "{Shark: Scaling File Servers via Cooperative Caching}",
   Booktitle    = NSDI_2005,
   Address      = NSDI_2005_ADDR,
   Month        = may,
   Year         = {2005},
}

@Misc{channel6,
  key =          "channel6",
  title =        "{Change the Wi-Fi Channel Number to Avoid Interference}",
  note =         "\url{http://compnetworking.about.com/od/wifihomenetworking/qt/wifichannel.htm}",
}

@Misc{5g,
  key =          "5g",
  title =        "{5{G}}",
  note =         "\url{http://en.wikipedia.org/wiki/5G}",
}

@Misc{VMWare,
  key =          "VMWare",
  title =        "{VMWare Workstation}",
  note =         "\url{http://www.vmware.com/}",
}

@Misc{Apt,
  key =          "Apt",
  title =        "{Debian APT tool ported to Red Hat Linux}",
  note =         "\url{http://www.apt-get.org/}",
}


@Misc{storkwebsite,
  key =          "Stork",
  title =        "{Stork Project}",
  note =         "\url{http://www.cs.arizona.edu/stork/}",
}

@article{poole2009home,
  title={The home network as a socio-technical system: Understanding the challenges of remote home network problem diagnosis},
  author={Poole, Erika Shehan and Edwards, W Keith and Jarvis, Lawrence},
  journal={Computer Supported Cooperative Work (CSCW)},
  volume={18},
  number={2-3},
  pages={277--299},
  year={2009},
  publisher={Springer}
}

@inproceedings{collares2011smart,
  title={Et (smart) phone home!},
  author={Collares, Leandro and Matthews, Chris and Cappos, Justin and Coady, Yvonne and McGeer, Rick},
  booktitle={Proceedings of the compilation of the co-located workshops on DSM'11, TMC'11, AGERE!'11, AOOPES'11, NEAT'11, \& VMIL'11},
  pages={283--288},
  year={2011},
  organization={ACM}
}

@Misc{dns,
  key =          "dns",
  title =        "{7 Reasons to Use a Third-Party DNS Service}",
  note =         "\url{http://www.howtogeek.com/167239/7-reasons-to-use-a-third-party-dns-service/}",
}

@inproceedings{grinter2005work,
  title={The work to make a home network work},
  author={Grinter, Rebecca E and Edwards, W Keith and Newman, Mark W and Ducheneaut, Nicolas},
  booktitle={ECSCW 2005},
  pages={469--488},
  year={2005},
  organization={Springer}
}

        
@Misc{bigdata,
  key =          "bigdata",
  title =        "{Big Data}",
  note =         "\url{http://en.wikipedia.org/wiki/Big_data}",
}

@Misc{botnet,
  key =          "botnet",
  title =        "{China mobile users warned about large botnet threat}",
  note =         "\url{http://www.bbc.co.uk/news/technology-21026667}",
}

@Misc{ftc,
  key =          "ftc",
  title =        "{US Wants Apple, Google, and Microsoft To Get a Grip On Mobile Privacy}",
  note =         "\url{http://yro.slashdot.org/story/13/02/02/2124204/us-wants-apple-google-and-microsoft-to-get-a-grip-on-mobile-privacy}",
}

@Misc{infections,
  key =          "infections",
  title =        "{Using an iPhone to detect ear infections}",
  note =         "\url{http://www.tuaw.com/2012/10/12/using-an-iphone-to-detect-ear-infections/}",
}


@Misc{health,
  key =          "health",
  title =        "{Research to link mobile phones and health}",
  note =         "\url{http://media.murdoch.edu.au/research-to-link-mobile-phones-and-health}",
}


@Misc{cusp,
  key =          "cusp",
  title =        "{Center for Urban Science and Progress}",
  note =         "\url{http://cusp.nyu.edu/}",
}


@Misc{cusp-news,
  key =          "cusp-news",
  title =        "{City Hall's Selection of NYU's Center for Urban Science and Progress}",
  note =         "\url{http://www.nyu.edu/about/university-initiatives/center-for-urban-science-progress/city-hall-selection-nyu-center-urban-science-progress.html}",
}


@Misc{selexor,
  key =          "selexor",
  title =        "{SelecXor, Advanced Vessel Selection Tool}",
  note =         "\url{https://selexor.poly.edu/projects/project}",
}


@Misc{tryrepy,
  key =          "tryrepy",
  title =        "{Try Repy! A web-based Development and Execution Environment for Restricted Python}",
  note =         "\url{http://seattle.poly.edu/static/try_repy_thesis.pdf}",
}


@Misc{viewpoints,
  key =          "viewpoints",
  title =        "{Viewpoints}",
  note =         "\url{https://seattle.poly.edu/wiki/Applications/Viewpoints}",
}


@Misc{odk,
  key =          "odk",
  title =        "{OpenDataKit: Deployments}",
  note =         "\url{http://opendatakit.org/about/deployments/}",
}

@Misc{phonesales,
  key =          "phonesales",
  title =        "{Smartphone sales overtook PCs in 2011}",
  note =         "\url{http://www.neowin.net/news/smartphone-sales-overtook-pcs-in-2011}",
}

@Misc{mtl,
  key =          "mtl",
  title =        "{Mobile Territorial Lab (MTL)}",
  note =         "\url{http://www.mobileterritoriallab.eu/}",
}


@Misc{mashup,
  key =          "mashup",
  title =        "{Mashup (web application hybrid)}",
  note =         "\url{http://en.wikipedia.org/wiki/Mashup_(web_application_hybrid)}",
}

@Misc{mashup-ibm,
  key =          "mashup-ibm",
  title =        "{Mashups: The new breed of Web app}",
  note =         "\url{http://www.ibm.com/developerworks/web/library/x-mashups/index.html}",
}

@Misc{xmlrpc-android,
  key =          "xmlrpc-android",
  title =        "{android-xmlrpc: Very thin xmlrpc client library for Android platform}",
  note =         "\url{https://code.google.com/p/android-xmlrpc/}",
}


@Misc{toomuch,
  key =          "toomuch",
  title =        "{More Than 25\% of Android Apps Know Too Much About You}",
  note =         "\url{http://yro.slashdot.org/story/12/11/02/1316238/more-than-25-of-android-apps-know-too-much-about-you}",
}

@Misc{dsrc,
  key =          "dsrc",
  title =        "{Dedicated Short Range Communications (DSRC) Home}",
  note =         "\url{http://www.leearmstrong.com/DSRC/DSRCHomeset.htm }",
}

@Misc{tweetios,
  key =          "tweetios",
  title =        "{App Auto-Tweets False Piracy Accusations}",
  note =         "\url{http://yro.slashdot.org/story/12/11/13/2249203/app-auto-tweets-false-piracy-accusations}",
}


@Misc{ptrace,
  key =          "ptrace",
  title =        "{ptrace}",
  note =         "\url{http://en.wikipedia.org/wiki/Ptrace}",
}


@Misc{open3g,
  key =          "open3g",
  title =        "{Open3GMap}",
  note =         "\url{http://homepage.univie.ac.at/albert.rafetseder/o3gm/}",
}

@Misc{canassist,
  key =          "canassist",
  title =        "{CanAssist}",
  note =         "\url{http://www.canassist.ca/EN/index.html}",
}

@Misc{cango,
  key =          "cango",
  title =        "{Foundation gives CanGo the go-ahead}",
  note =         "\url{http://www.canassist.ca/EN/main/news-and-events/latest-news/2012-news-archives/foundation-gives-cango-the-go-ahead.html}",
}


@Misc{onc,
  key =          "onc",
  title =        "{Ocean Networks Canada}",
  note =         "\url{http://www.oceannetworks.ca/}",
}

@Misc{pressureNET,
  key =          "pressureNET",
  title =        "{pressureNET}",
  note =         "\url{http://pndv.cumulonimbus.ca/}",
}


@Misc{csn,
  key =          "csn",
  title =        "{Community Seismic Network}",
  note =         "\url{http://csn.caltech.edu/index.html}",
}

@Misc{sensor,
  key =          "sensor",
  title =        "{Sensibility Testbed}",
  note =         "\url{http://seattlesensor.wordpress.com/}",
}


@Misc{seattle-sensor-project,
  key =          "seattle-sensor-project",
  title =        "{Sensibility Testbed Project}",
  note =         "\url{https://sensibilitytestbed.com/}",
}

@Misc{facebook,
  key =          "facebook",
  title =        "{Develop and Scale Facebook Apps with AWS}",
  note =         "\url{http://aws.amazon.com/solutions/global-solution-providers/facebook/}",
}

@Misc{stun,
  key =          "stun",
  title =        "{STUN (Session Traversal Utilities for NAT)}",
  note =         "\url{http://en.wikipedia.org/wiki/STUN}",
}


@Misc{turn,
  key =          "turn",
  title =        "{TURN (Traversal Using Relays around NAT)}",
  note =         "\url{http://en.wikipedia.org/wiki/Traversal_Using_Relay_NAT}",
}


@Misc{ice,
  key =          "ice",
  title =        "{ICE (Interactive Connectivity Establishment)}",
  note =         "\url{http://en.wikipedia.org/wiki/Interactive_Connectivity_Establishment}",
}

@Misc{facebook-javascript,
  key =          "facebook-javascript",
  title =        "{FBJS (Facebook JavaScript)}",
  note =         "\url{https://developers.facebook.com/docs/fbjs/}",
}


@Misc{adsafe,
  key =          "adsafe",
  title =        "{ADsafe --- Making JavaScript Safe for Advertising}",
  note =         "\url{http://www.adsafe.org/}",
}

@Misc{db-virtualization,
  key =          "db-virtualization",
  title =        "{Database virtualization}",
  note =         "\url{http://en.wikipedia.org/wiki/Database_virtualization}",
}


@Misc{smartphones-use,
  key =          "smartphones-use",
  title =        "{Number of smartphones tops one billion}",
  note =         "\url{http://www.telegraph.co.uk/finance/9616011/Number-of-smartphones-tops-one-billion.html}",
}


@Misc{smartphones-news,
  key =          "smartphones-news",
  title =        "{Let Your Smartphone Deliver the Bad News}",
  note =         "\url{http://www.nytimes.com/2012/10/28/fashion/let-your-smartphone-deliver-the-bad-news.html?pagewanted=all}",
}


@Misc{smartphones-image,
  key =          "smartphones-image",
  title =        "{Keeping your privacy safe is premium}",
  note =         "\url{http://www.sbs.com.au/news/article/1736912/Keeping-your-privacy-safe-is-premium}",
}


@Misc{smartphones-home,
  key =          "smartphones-home",
  title =        "{Doggone technology --- Home automation targets people separated from their pets}",
  note =         "\url{http://www.vancouversun.com/life/Doggone+technology/7957431/story.html}",
}


@Misc{edge-cloud,
  key =          "edge-cloud",
  title =        "{Extending the Cloud to the Network Edge}",
  note =         "\url{http://www.verivue.com/blog/index.php/content-cloud-computing-strategies/extending-the-cloud-to-the-network-edge/}",
}


@Misc{smartphone-banking,
  key =          "smartphone-banking",
  title =        "{Overwhelming Majority of Mobile Users Bank on Device}",
  note =         "\url{http://www.virtual-strategy.com/2013/02/13/overwhelming-majority-mobile-users-bank-device-according-prosper-insights-analytics%E2%84%A2}",
}


@Misc{cisco-data,
  key =          "cisco-data",
  title =        "{Cisco Visual Networking Index: Global Mobile Data Traffic Forecast Update, 2012–2017}",
  note =         "\url{http://www.cisco.com/en/US/solutions/collateral/ns341/ns525/ns537/ns705/ns827/white_paper_c11-520862.html}",
}

@Misc{iphone-ear,
  key =          "iphone-ear",
  title =        "{Using an iPhone to detect ear infections}",
  note =         "\url{http://www.tuaw.com/2012/10/12/using-an-iphone-to-detect-ear-infections/}",
}


@Misc{noscript,
  key =          "noscript",
  title =        "{NoScript}",
  note =         "\url{http://noscript.net/}",
}


@Misc{adblock,
  key =          "adblock",
  title =        "{AdBlock}",
  note =         "\url{http://safariadblock.com/}",
}


@Misc{Flashblock,
  key =          "Flashblock",
  title =        "{Flashblock}",
  note =         "\url{http://en.wikipedia.org/wiki/Flashblock}",
}


@Misc{privacy-tool,
  key =          "privacy-tool",
  title =        "{Online Privacy Tools}",
  note =         "\url{http://www.nytimes.com/2013/02/11/opinion/online-privacy-tools.html}",
}


@Misc{android-os,
  key =          "android-os",
  title =        "{Android OS}",
  note =         "\url{http://www.android.com/}",
}


@Misc{nyu-wireless,
  key =          "nyu-wireless",
  title =        "{NYU Wireless}",
  note =         "\url{http://nyuwireless.com/}",
}


@Misc{checkapi,
  key =          "checkapi",
  title =        "{CheckAPI Project}",
  note =         "\url{https://checkapi.poly.edu/}",
}


@Misc{talks,
  key =          "talks",
  title =        "{Seattle Events --Seattle -- Trac}",
  note =         "\url{https://seattle.poly.edu/wiki/SeattleTalks}",
}

@Misc{bismark,
  key =          "bismark",
  title =        "{Project BisMARK}",
  note =         "\url{http://projectbismark.net/}",
}


@Misc{scriptroute,
  key =          "scriptroute",
  title =        "{Scriptroute Network Measurement}",
  note =         "\url{http://www.cs.umd.edu/~nspring/scriptroute.html}",
}


@Misc{hurc,
  key =          "hurc",
  title =        "{HURC -- Holistically Upper-bounding Resource Consumption}",
  note =         "\url{https://hurc.poly.edu/projects/project}",
}

@Misc{shims-affix,
  key =          "shims-affix",
  title =        "{What is AFFIX all about?}",
  note =         "\url{https://affix.poly.edu/projects/project}",
}

@Misc{netcheck,
  key =          "netcheck",
  title =        "{NetCheck}",
  note =         "\url{https://netcheck.poly.edu/projects/project}",
}


@Misc{googlemap,
  key =          "googlemap",
  title =        "{Google Maps API}",
  note =         "\url{https://developers.google.com/maps/}",
}


@Misc{youtubeapi,
  key =          "youtubeapi",
  title =        "{YouTube API}",
  note =         "\url{https://developers.google.com/youtube/}",
}


@Misc{cross-site,
  key =          "cross-site",
  title =        "{Cross-site scripting}",
  note =         "\url{http://en.wikipedia.org/wiki/Cross-site_scripting}",
}


@inproceedings{hurc-paper,
  title={Bounding Resource Consumption In A User Space Sandbox},
  author={Cappos, Justin and Li, Tao and Rafetseder, Albert and Tutschku, Kurt},
  year={Under submission at USENIX ATC 2013},
}


@inproceedings{netcheck-paper,
  title={NetCheck: Fault Diagnosis in Networked Applications},
  author={Gessiou, Eleni and Portzer, Steven and Fund, Fraida and Muhammad, Monzur and Cappos, Justin},
  year={Under submission at SIGCOMM 2013},
}

@article{grinter2009ins,
  title={The ins and outs of home networking: The case for useful and usable domestic networking},
  author={Grinter, Rebecca E and Edwards, W Keith and Chetty, Marshini and Poole, Erika S and Sung, Ja-Young and Yang, Jeonghwa and Crabtree, Andy and Tolmie, Peter and Rodden, Tom and Greenhalgh, Chris and others},
  journal={ACM Transactions on Computer-Human Interaction (TOCHI)},
  volume={16},
  number={2},
  pages={8},
  year={2009},
  publisher={ACM}
}

@article{edwards2011advancing,
  title={Advancing the state of home networking},
  author={Edwards, W Keith and Grinter, Rebecca E and Mahajan, Ratul and Wetherall, David},
  journal={Communications of the ACM},
  volume={54},
  number={6},
  pages={62--71},
  year={2011},
  publisher={ACM}
}

@incollection{tolmie2007making,
  title={Making the home network at home: Digital housekeeping},
  author={Tolmie, Peter and Crabtree, Andy and Rodden, Tom and Greenhalgh, Chris and Benford, Steve},
  booktitle={ECSCW 2007},
  pages={331--350},
  year={2007},
  publisher={Springer}
}


@inproceedings{shehan2007home,
  title={Home networking and HCI: what hath god wrought?},
  author={Shehan, Erika and Edwards, W Keith},
  booktitle={Proceedings of the SIGCHI conference on Human factors in computing systems},
  pages={547--556},
  year={2007},
  organization={ACM}
}


@Misc{net-util,
  key =          "net-util",
  title =        "{OS {X}: About Network Utility}",
  note =         "\url{http://support.apple.com/kb/ht5897}",
}

@Misc{diagnostics,
  key =          "diagnostics",
  title =        "{About Wireless Diagnostics}",
  note =         "\url{http://support.apple.com/kb/HT5606}",
}

@Misc{KisMAC,
  key =          "KisMAC",
  title =        "{Kis{MAC}}",
  note =         "\url{http://kismac-ng.org/}",
}

@Misc{Netmon,
  key =          "Netmon",
  title =        "{Wireless Sniffing in {W}indows 7 with {N}etmon 3.4}",
  note =         "\url{https://supportforums.cisco.com/docs/DOC-16398}",
}

@Misc{sniffer,
  key =          "sniffer",
  title =        "{Want Better Streaming? Change Your Wi-Fi Channel!}",
  note =         "\url{http://tv.about.com/od/accesspries/a/Want-Better-Streaming-Change-Your-Wi-Fi-Channel.htm}",
}

@Misc{diff-priv,
  key =          "diff-priv",
  title =        "{Differential privacy}",
  note =         "\url{http://en.wikipedia.org/wiki/Differential_privacy}",
}


@Misc{wifi,
  key =          "wifi",
  title =        "{Wi-{F}i}",
  note =         "\url{http://en.wikipedia.org/wiki/Wi-Fi}",
}

@Misc{wifi-alliance,
  key =          "wifi-alliance",
  title =        "{Wi-{F}i Alliance}",
  note =         "\url{http://en.wikipedia.org/wiki/Wi-Fi\_Alliance}",
}


@Misc{802.11p,
  key =          "802.11p",
  title =        "{I{EEE} 802.11p}",
  note =         "\url{http://en.wikipedia.org/wiki/IEEE\_802.11p}",
}

@Misc{dsrc,
  key =          "dsrc",
  title =        "{Dedicated short-range communications}",
  note =         "\url{http://en.wikipedia.org/wiki/Dedicated_short-range_communications}",
}

@article{zhang2010hybrid,
  title={A hybrid reservation/contention-based MAC for video streaming over wireless networks},
  author={Zhang, Ruonan and Ruby, Rukhsana and Pan, Jianping and Cai, Lin and Shen, Xuemin},
  journal={Selected Areas in Communications, IEEE Journal on},
  volume={28},
  number={3},
  pages={389--398},
  year={2010},
  publisher={IEEE}
}


@article{liang2012fully,
  title={Fully Anonymous Profile Matching in Mobile Social Networks},
  author={Liang, Xiaohui and Li, Xu and Zhang, Kuan and Lu, Rongxing and Lin, Xiaodong and Shen, Xuemin Sherman},
  journal={IEEE Journal on Selected Areas of Communications},
  year={2012}
}


@inproceedings{wei2007performance,
  title={Performance of MIMO with frequency domain packet scheduling in UTRAN LTE downlink},
  author={Wei, Na and Pokhariyal, Akhilesh and Sorensen, TB and Kolding, Troels E and Mogensen, Preben E},
  booktitle={Vehicular Technology Conference, 2007. VTC2007-Spring. IEEE 65th},
  pages={1177--1181},
  year={2007},
  organization={IEEE}
}


@article{luan2012mac,
  title={MAC in motion: impact of mobility on the MAC of drive-thru internet},
  author={Luan, Tom Hao and Ling, Xinhua and Shen, Xuemin},
  journal={Mobile Computing, IEEE Transactions on},
  volume={11},
  number={2},
  pages={305--319},
  year={2012},
  publisher={IEEE}
}


@article{qiao2011enabling,
  title={Enabling Multi-Hop Concurrent Transmissions in 60 GHz Wireless Personal Area Networks},
  author={Qiao, Jian and Cai, Lin X and Shen, Xuemin Sherman and Mark, Jon W},
  journal={Wireless Communications, IEEE Transactions on},
  volume={10},
  number={11},
  pages={3824--3833},
  year={2011},
  publisher={IEEE}
}


@article{resnick1997recommender,
  title={Recommender systems},
  author={Resnick, Paul and Varian, Hal R},
  journal={Communications of the ACM},
  volume={40},
  number={3},
  pages={56--58},
  year={1997},
  publisher={ACM}
}

@article{he2010social,
  title={A social network-based recommender system (snrs)},
  author={He, Jianming and Chu, Wesley W},
  journal={Data Mining for Social Network Data},
  pages={47--74},
  year={2010},
  publisher={Springer}
}


@article{conti2011crepe,
  title={CRePE: Context-related policy enforcement for Android},
  author={Conti, Mauro and Nguyen, Vu and Crispo, Bruno},
  journal={Information Security},
  pages={331--345},
  year={2011},
  publisher={Springer}
}


@inproceedings{hornyack2011these,
  title={These aren't the droids you're looking for: retrofitting android to protect data from imperious applications},
  author={Hornyack, Peter and Han, Seungyeop and Jung, Jaeyeon and Schechter, Stuart and Wetherall, David},
  booktitle={Proceedings of the 18th ACM conference on Computer and communications security},
  pages={639--652},
  year={2011},
  organization={ACM}
}


@inproceedings{pearce2012addroid,
  title={AdDroid: Privilege separation for applications and advertisers in Android},
  author={Pearce, Paul and Felt, Adrienne Porter and Nunez, Gabriel and Wagner, David},
  booktitle={Proceedings of AsiaCCS},
  year={2012}
}


@article{zhou2011taming,
  title={Taming information-stealing smartphone applications (on Android)},
  author={Zhou, Yajin and Zhang, Xinwen and Jiang, Xuxian and Freeh, Vincent},
  journal={Trust and Trustworthy Computing},
  pages={93--107},
  year={2011},
  publisher={Springer}
}



@inproceedings{huang2010anatomizing,
  title={Anatomizing application performance differences on smartphones},
  author={Huang, Junxian and Xu, Qiang and Tiwana, Birjodh and Mao, Z Morley and Zhang, Ming and Bahl, Paramvir},
  booktitle={Proceedings of the 8th international conference on Mobile systems, applications, and services},
  pages={165--178},
  year={2010},
  organization={ACM}
}

@article{narasayyasqlvm,
  title={SQLVM: Performance Isolation in Multi-Tenant Relational Database-as-a-Service},
  author={Narasayya, Vivek and Das, Sudipto and Syamala, Manoj and Chandramouli, Badrish and Chaudhuri, Surajit}
}


@article{maffeis2008operational,
  title={An operational semantics for JavaScript},
  author={Maffeis, Sergio and Mitchell, John and Taly, Ankur},
  journal={Programming languages and systems},
  pages={307--325},
  year={2008},
  publisher={Springer}
}


@misc{perreault2008nat,
  title={NAT and firewall traversal with STUN/TURN/ICE},
  author={Perreault, Simon},
  year={2008}
}


@inproceedings{moh1999mobile,
  title={Mobile IP telephony: mobility support of SIP},
  author={Moh, Melody and Berquin, Gregorie and Chen, Yanjun},
  booktitle={Computer Communications and Networks, 1999. Proceedings. Eight International Conference on},
  pages={554--559},
  year={1999},
  organization={IEEE}
}

@inproceedings{ford2005peer,
  title={Peer-to-peer communication across network address translators},
  author={Ford, Bryan and Srisuresh, Pyda and Kegel, Dan},
  booktitle={USENIX Annual Technical Conference},
  volume={2005},
  year={2005}
}

@inproceedings{curry2008facebook,
  title={Facebook meets the virtualized enterprise},
  author={Curry, R. and Kiddle, C. and Markatchev, N. and Simmonds, R. and Tan, T. and Arlitt, M. and Walker, B.},
  booktitle={Enterprise Distributed Object Computing Conference, 2008. EDOC'08. 12th International IEEE},
  pages={286--292},
  year={2008},
  organization={IEEE}
}


@inproceedings{sovran2008pass,
  title={Pass it on: Social networks stymie censors},
  author={Sovran, Yair and Libonati, Alana and Li, Jinyang},
  booktitle={Proc. of the 7th International Workshop on Peer-to-Peer Systems (IPTPS)},
  year={2008}
}

@inproceedings{guo2009building,
  title={Building the polargrid portal using web 2.0 and opensocial},
  author={Guo, Z. and Singh, R. and Pierce, M.},
  booktitle={Proceedings of the 5th Grid Computing Environments Workshop},
  pages={5},
  year={2009},
  organization={ACM}
}


@misc{carter2000shared,
  title={Shared client-side web caching using globally addressable memory},
  author={Carter, J.B. and Davis, S.H. and Dietterich, D.J. and Frank, S.J. and Lee, H.H.},
  year={2000},
  month=feb # "~15",
  publisher={Google Patents},
  note={US Patent 6,026,474}
}

@INPROCEEDINGS{Coroama06personalizedvehicle,
    author = {Vlad Coroama and Marc Langheinrich},
    title = {Personalized Vehicle Insurance Rates - A Case for Client-Side Personalization in Ubiquitous Computing},
    booktitle = {in Ubiquitous Computing. Workshop on Privacy-Enhanced Personalization. CHI 2006},
    year = {2006},
    pages = {56--59}
}


@misc{trivero2008abusing,
  title={Abusing HTML 5 Structured Client-side Storage},
  author={Trivero, A.},
  year={2008},
  publisher={IT Security Researcher Turin Area. Italy:[sn]}
}


@inproceedings{kallahalla2003plutus,
  title={Plutus: Scalable secure file sharing on untrusted storage},
  author={Kallahalla, M. and Riedel, E. and Swaminathan, R. and Wang, Q. and Fu, K.},
  booktitle={Proceedings of the 2nd USENIX Conference on File and Storage Technologies},
  pages={29--42},
  year={2003}
}

@inproceedings{mulligan2000your,
  title={Your place or mine?: privacy concerns and solutions for server and client-side storage of personal information},
  author={Mulligan, D. and Schwartz, A.},
  booktitle={Proceedings of the tenth conference on Computers, freedom and privacy: challenging the assumptions},
  pages={81--84},
  year={2000},
  organization={ACM}
}

@inproceedings{chard2010social,
  title={Social cloud: Cloud computing in social networks},
  author={Chard, K. and Caton, S. and Rana, O. and Bubendorfer, K.},
  booktitle={Cloud Computing (CLOUD), 2010 IEEE 3rd International Conference on},
  pages={99--106},
  year={2010},
  organization={IEEE}
}


@article{chard2011social,
  title={Social cloud computing: A vision for socially motivated resource sharing},
  author={Chard, K. and Bubendorfer, K. and Caton, S. and Rana, O.},
  year={2011},
  publisher={IEEE}
}


@inproceedings{provos2003improving,
  title={Improving host security with system call policies},
  author={Provos, N.},
  booktitle={Proceedings of the 12th USENIX Security Symposium},
  volume={1},
  number={8},
  pages={10},
  year={2003},
  organization={Washington, DC}
}


@inproceedings {Crespon2002,
author={Arturo Crespo and Hector Garcia-Molina},
title={Routing Indices for Peer-to-peer Systems},
booktitle={ICDCS},
year={2002}
}


@inproceedings {Yang2002,
author={Beverly Yang and Hector Garcia-Molina},
title={Efficient Search in Peer-to-peer Networks},
booktitle={ICDCS},
year={2002}
}


@inproceedings {Yang2003,
author={Beverly Yang and Hector Garcia-Molina},
title={Designing a Super-Peer Network},
booktitle={ICDE},
year={2003}
}


@inproceedings{Xu2010,
author={Xiao Xu and Weizhe Zhang and Hongli Zhang And Binxing Fang},
title={Scale-Adaptable Recrawl Strategies for DHT-Based Distributed Web Crawling System},
booktitle={Network and Parallel Computing: IFIP International Conference NPC 2010},
year={2010},
pages={91-106}
}


@inproceedings{garfinkel2003traps,
  title={Traps and pitfalls: Practical problems in system call interposition based security tools},
  author={Garfinkel, T. and others},
  booktitle={Proceedings of the Network and Distributed Systems Security Symposium},
  volume={33},
  year={2003}
}


@inproceedings{watson2007exploiting,
  title={Exploiting concurrency vulnerabilities in system call wrappers},
  author={Watson, R.N.M.},
  booktitle={1st USENIX Workshop on Offensive Technologies},
  year={2007}
}



@inproceedings{thiagarajan2011accurate,
  title={Accurate, low-energy trajectory mapping for mobile devices},
  author={Thiagarajan, A. and Ravindranath, L. and Balakrishnan, H. and Madden, S. and Girod, L. and others},
  booktitle={Proceedings of the 8th USENIX conference on Networked systems design and implementation},
  pages={20--20},
  year={2011},
  organization={USENIX Association}
}

@inproceedings{faulkner2011next,
  title={The next big one: Detecting earthquakes and other rare events from community-based sensors},
  author={Faulkner, M. and Olson, M. and Chandy, R. and Krause, J. and Chandy, K.M. and Krause, A.},
  booktitle={Information Processing in Sensor Networks (IPSN), 2011 10th International Conference on},
  pages={13--24},
  year={2011},
  organization={IEEE}
}

@Article{Baker_RFC1812,
   Author       = "F. Baker",
   Title        = "{Requirements for {IP} Version 4 Routers; {RFC} 1812}",
   Journal      = RFC,
   Month        = JUNE,
   Year         = 1995
}


@InProceedings{ravindranathappinsight,
  title={AppInsight: Mobile App Performance Monitoring in the Wild},
  author={Ravindranath, L. and Padhye, J. and Agarwal, S. and Mahajan, R. and Obermiller, I. and Shayandeh, S.},
  Month        = OCTOBER,
  Year         = "2012",
}



@inproceedings{harrington2012able,
  title={ABLE Transit: A Mobile Application for Visually Impaired Users to Navigate Public Transit},
  author={Harrington, Naomi and Antuna, Laura and Coady, Yvonne},
  booktitle={Broadband, Wireless Computing, Communication and Applications (BWCCA), 2012 Seventh International Conference on},
  pages={402--407},
  year={2012},
  organization={IEEE}
}


@INPROCEEDINGS{Sieb05,
  author = {M. Siebert and D. Bültmann and M. Lott},
  title = {Inter-System Handover and Coverage Detection for 3G/WLAN Cooperation
    (invited)},
  booktitle = {Proc. of 11th European Wireless Conference 2005},
  year = {2005},
  pages = {328-336},
  address = {Nicosia, Cyprus},
  month = {Apr}
}


@inproceedings{hsu2007mining,
  title={Mining behavioral groups in large wireless LANs},
  author={Hsu, W. and Dutta, D. and Helmy, A.},
  booktitle={Proceedings of the 13th annual ACM international conference on Mobile computing and networking},
  pages={338--341},
  year={2007},
  organization={ACM}
}


@article{goldman2009participatory,
  title={Participatory Sensing: A citizen-powered approach to illuminating the patterns that shape our world},
  author={Goldman, Jeffrey and Shilton, Katie and Burke, Jeff and Estrin, Deborah and Hansen, Mark and Ramanathan, Nithya and Reddy, Sasank and Samanta, Vids and Srivastava, Mani and West, Ruth},
  journal={Foresight \& Governance Project, White Paper},
  year={2009}
}

@inproceedings{li2006f2f,
  title={F2{F}: Reliable storage in open networks},
  author={Li, J. and Dabek, F.},
  booktitle={5th IPTPS},
  year={2006}
}


@inproceedings{collares2011smart,
  title={Et (smart) phone home!},
  author={Collares, L. and Matthews, C. and Cappos, J. and Coady, Y. and McGeer, R.},
  booktitle={Proceedings of the compilation of the co-located workshops on DSM'11, TMC'11, AGERE!'11, AOOPES'11, NEAT'11, \& VMIL'11},
  pages={283--288},
  year={2011},
  organization={ACM}
}


%              Balazinska_PERVASIVE_2002 -- AKA: Balazinska02,
@InProceedings{Balazinska_PERVASIVE_2002,
   Author       = "Magdalena Balazinska and Hari Balakrishnan and David Karger",
   Title        = "{INS/Twine: A Scalable Peer-to-Peer Architecture for 
                   Intentional Resource Discovery}",
   Booktitle    = PERVASIVE_2002,
   Address      = PERVASIVE_2002_ADDR,
   Pages        = "195--210",
   Month        = AUGUST,
   Year         = 2002
}


%              Banga_OSDI_1999 -- AKA: banga99resource
@InProceedings{Banga_OSDI_1999,
   Author       = "Gaurav Banga and Peter Druschel and Jeffrey C. Mogul",
   Title        = "{Resource Containers: A New Facility for Resource
                    Management in Server Systems}",
   Booktitle    = OSDI_1999,
   Address      = OSDI_1999_ADDR,
   Pages        = "45--58",
   Month        = FEBRUARY,
   Year         = "1999",
   url          = "citeseer.nj.nec.com/banga99resource.html"
}


@InProceedings{Barham_SOSP_2003,
   Author       = "Paul Barham and Boris Dragovic and Keir Fraser
                   and Steven Hand and Tim Harris and Alex Ho
                   and Rolf Neugebauer and Ian Pratt and Andrew Warfield",
   Title        = "{Xen and the {A}rt of {V}irtualization}",
   Booktitle    = SOSP_2003,
   Address      = SOSP_2003_ADDR,
   Month        = OCTOBER,
   Year         = 2003
}
% Needs pages


@TechReport{Bavier_TR_1999,
   Author       = "Andy Bavier and Larry Peterson and David Mosberger",
   Title        = "{{BERT}: A Scheduler for Best-Effort and Realtime Paths}",
   Institution  = "Department of Computer Science, Princeton University",
   Number       = "TR--602--99",
   Month        = MARCH,
   Year         = 1999
}


@TechReport{Bavier_TR_2002,
   Author       = "Andy Bavier and Thiemo Voigt and Mike Wawrzoniak
                   and Larry Peterson",
   Title        = "{{SILK}: Scout Paths in the Linux Kernel}",
   Institution  = "Department of Information Technology, Uppsala University",
   Address      = "Uppsala, Sweden",
   Number       = "2002--009",
   Month        = FEBRUARY,
   Year         = 2002
}

@InProceedings{Bavier_NSDI_2004,
   Author       = "Andy Bavier and Mic Bowman and David Culler and
                  Brent Chun and Scott Karlin and Steve Muir and " #
                  A_LLP # " and " # A_TR # " and Tammo Spalink and " #
                  A_MHW,
   Title        = "{Operating System Support for Planetary-Scale
                  Network Services}",
   Booktitle    = NSDI_2004,
   Address      = NSDI_2004_ADDR,
   Month        = mar,
   Year         = {2004},
}

@misc{plkmod_web_page,
   Author       = "{Plkmod: SILK in PlanetLab}",
   Title        = "",
   Note         = "\url{http://www.cs.princeton.edu/~acb/plkmod}"
}

@InProceedings{Bennett_SIGCOMM_1996,
   Author       = "Jon C. R. Bennett and Hui Zhang",
   Title        = "{Hierarchical Packet Fair Queueing Algorithms}",
   Comment      = "WF2Q+ is here",
   Booktitle    = SIGCOMM_1996,
   Address      = SIGCOMM_1996_ADDR,
   Pages        = "143--156",
   Month        = AUGUST,
   Year         = 1996
}


@InProceedings{Black_CCN_1997,
   Author       = "Richard Black and Paul Barham and Austin Donnelly
                   and Neil Stratford",
   Title        = "{Protocol {I}mplementation in a {V}ertically {S}tructured
                   {O}perating {S}ystem}",
   Booktitle    = "Proc.\ IEEE Conf.\ Comp.\ Networks",
   Month        = NOVEMBER,
   Year         = 1997
}
% Needs address, pages
%  Booktitle    = "Proceedings of IEEE Conference on Computer Networks",


@InProceedings{Blumrich_ISCA_1998,
   Author       = "Matthias A. Blumrich and Richard D. Alpert and Yuqun Chen
                   and Douglas W. Clark and Stefanos N. Damianakis
                   and Cezary Dubnicki and Edward W. Felten and Liviu Iftode
                   and Kai Li and Margaret Martonosi and Robert A. Shillner",
   Title        = "{Design Choices in the {SHRIMP} System: An Empirical Study}",
   Booktitle    = ISCA_1998,
   Address      = ISCA_1998_ADDR,
   Pages        = "330--341",
   Month        = JUNE,
   Year         = 1998
}


@Article{Boden_MICRO_1995,
   Author       = "Nanette J. Boden and Danny Cohen and Robert E. Felderman
                   and Alan E. Kulawik and Charles L. Seitz and Jakov N. Seizovic
                   and Wen-King Su",
   Title        = "{Myrinet: A Gigabit-per-Second Local Area Network}",
   Journal      = MICRO,
   Volume       = 15,
   Number       = 1,
   Pages        = "29--36",
   Year         = 1995
}


@InProceedings{Bolosky_WSS_2000,
   Author       = "William J. Bolosky and Scott Corbin and David Goebel
                   and John R. Douceur",
   Title        = "{Single Instance Storage in Windows 2000}",
   Booktitle    = WSS_2000,
   Address      = WSS_2000_ADDR,
   Pages        = "13--24",
   Month        = AUGUST,
   Year         = 2000
}

@InProceedings{Brett_WORLDS_2004,
   Author       = "Paul Brett and Rob Knauerhase and Mic Bowman and Robert Adams and Aroon Nataraj and Jeff Sedayao and Michael Spindel",
   Title        = "{A shared global event propagation system to enable next generation distributed services}",
   Booktitle    = WORLDS_2004,
   year =         2004,
   address =      SAN_FRANCISCO,
   month =        DECEMBER,
}

@InProceedings{Campbell_IXA_2001,
   Author       = "Andrew T. Campbell and S. Chou and Michael E. Kounavis
                   and V. D. Stachtos",
   Title        = "{Implementing Routelets: Virtual Router Support for the {IXP1200}
                    Network Processor}",
   Booktitle    = "Proceedings of the IXA University Program Workshop",
   Address      = "Portland, Oregon",
   Month        = JUNE,
   Year         = 2001
}


@InProceedings{Chiueh_ICDCS_2000,
   Author       = "{Tzi-cker} Chiueh and Prashant Pradhan",
   Title        = "{Suez: A Cluster-based Scalable Real-Time Packet Router}",
   Booktitle    = ICDCS_2000,
   Address      = ICDCS_2000_ADDR,
   Pages        = "136--143",
   Year         = 2000
}


%              Chu_SIGMETRICS_2000 -- AKA: Chu00,
@InProceedings{Chu_SIGMETRICS_2000,
   Author       = "{Yang-hua} Chu and Sanjay Rao and Hui Zhang",
   Title        = "{A Case For End System Multicast}",
   Booktitle    = SIGMETRICS_2000,
   Address      = SIGMETRICS_2000_ADDR,
   Pages        = "1--12",
   Month        = JUNE,
   Year         = 2000
}


@Misc{Chun02,
   Author       = "Brent Chun and Jason Lee and Hakim Weatherspoon",
   Title        = "{Netbait: a Distributed Worm Detection Service}",
   Note         = "\url{http://netbait.planet-lab.org/}",
   Year         = 2002
}



@Article{Chun_CCR_2003,
 author = {Chun, Brent and Culler, David and Roscoe, Timothy and Bavier, Andy and Peterson, Larry and Wawrzoniak, Mike and Bowman, Mic},
 title = {PlanetLab: An Overlay Testbed for Broad-coverage Services},
 journal = {SIGCOMM Comput. Commun. Rev.},
 issue_date = {July 2003},
 volume = {33},
 number = {3},
 month = jul,
 year = {2003},
 issn = {0146-4833},
 pages = {3--12},
 numpages = {10},
 url = {http://doi.acm.org/10.1145/956993.956995},
 doi = {10.1145/956993.956995},
 acmid = {956995},
 publisher = {ACM},
 address = {New York, NY, USA},
}

@inproceedings{ Chutani_USENIX_1992,
    author = "S. Chutani and O. T. Anderson and M. L. Kazar and B. W. Leverett and W. A. Mason and R. N. Sidebotham",
    title = "The {Episode} File System",
    booktitle = "Proceedings of the {USENIX} Winter 1992 Technical Conference",
    address = "San Fransisco, CA, USA",
    pages = "43--60",
    year = "1992",
    url = "citeseer.ist.psu.edu/chutani92episode.html" }


@InProceedings{Clark_SIGCOMM_1988,
   Author       = "David D. Clark",
   Title        = "{The Design Philosophy of the {DARPA} Internet Protocols}",
   Booktitle    = SIGCOMM_1988,
   Address      = SIGCOMM_1988_ADDR,
   Pages        = "106--114",
   Month        = AUGUST,
   Year         = 1988
}


@Article{Clark_TON_1998,
   Author       = "David D. Clark and Wenjia Fang",
   Title        = "{Explicit Allocation of Best-Effort Packet Delivery Service}",
   Journal      = TON,
   Volume       = 6,
   Number       = 4,
   Pages        = "362--373",
   Month        = AUGUST,
   Year         = 1998
}


@InProceedings{Clark_SIGCOMM_1992,
   Author       = "David D. Clark and Scott Shenker and Lixia Zhang",
   Title        = "{Supporting Real-Time Applications in an Integrated
                    Services Packet Network: Architecture and Mechanism}",
   Booktitle    = SIGCOMM_1992,
   Address      = SIGCOMM_1992_ADDR,
   Pages        = "14--26",
   Month        = AUGUST,
   Year         = 1992
}

@InProceedings{BitTorrent,
   Author       = "Bram Cohen",
   Title        = "{Incentives Build Robustness in BitTorrent}",
   booktitle =    "Workshop on Economics of Peer-to-Peer Systems",
   year =         2003,
}


@Article{Bugnion_TOCS_1997,
   Author       = "Edouard Bugnion and Scott Devine and Kinshuk Govil and Mendel Rosenblum",
   Title        = "{Disco: running commodity operating systems on scalable multiprocessors}",
   Journal      = TOCS,
   Volume       = 15,
   Number       = 4,
   Pages        = "412--447",
   Month        = NOVEMBER,
   Year         = 1997
}


@inproceedings{ Chankhunthod_USENIX_1996,
    author = "Anawat Chankhunthod and Peter B. Danzig and Chuck Neerdaels and Michael F. Schwartz and Kurt J. Worrell",
    title = "A Hierarchical Internet Object Cache",
    booktitle = "{USENIX} Annual Technical Conference",
    pages = "153-164",
    year = "1996",
    url = "citeseer.ist.psu.edu/article/chankhunthod95hierarchical.html" }


@Misc{CORBA,
  title =        "{Common Object Request Broker Architecture
                  (CORBA)}",
  author =       "{Object Management Group (OMG)}",
  note =         "\url{http://www.corba.org/}"
}


@InProceedings{Crowley_2000,
   Author       = "Patrick Crowley and Marc E. Fiuczynski and Jean-Loup Baer and Brian N. Bershad",
   Title        = "{Workloads for Programmable Network Interfaces}",
   Booktitle    = "IEEE 2nd Annual Workshop on Workload Characterization",
   Address      = "Austin, Texas",
   Note         = "Also appears as Chapter 7 in~\cite{John_2000}",
   Comment      = "Be sure to use \nocite{John_2000} when referencing this
                   work to avoid extra LaTeX / BibTeX cycles",
   Month        = OCTOBER,
   Year         = 1999
}


@manual{VIA_1.0,
   Title        = "{Virtual Interface Architecture Specification, Version~1.0}",
   Organization = "{Compaq Computer Corporation, Intel Corporation,
                    Microsoft Corporation}",
   Month        = DECEMBER,
   Year         = 1997
}


%              Dabek_SOSP_2001 -- AKA: Dabek01
@InProceedings{Dabek_SOSP_2001,
   Author       = "Frank Dabek and M. Frans Kaashoek and David Karger and 
                   Robert Morris and Ion Stoica",
   Title        = "{Wide-area cooperative storage with CFS}",
   Booktitle    = SOSP_2001,
   Address      = SOSP_2001_ADDR,
   Pages        = "202--215",
   Month        = OCTOBER,
   Year         = 2001
}


@InProceedings{Dasen_ACTS_1996,
   Author       = "Marcel Dasen and George Fankhauser and Bernhard Plattner",
   Title        = "{An Error Tolerant, Scalable Video Stream Encoding and
                    Compression for Mobile Computing}",
   Booktitle    = ACTS_1996,
   Address      = ACTS_1996_ADDR,
   Pages        = "762--771",
   Month        = NOVEMBER,
   Year         = "1996"
}


@Misc{Davie_PC_1999,
   Author       = "Bruce Davie",
   Note         = "Personal Communication",
   Month        = AUGUST,
   Year         = 1999
}


@Book{Davie_MPLS_2000,
   Author       = "Bruce Davie and Yakov Rekhter",
   Title        = "{MPLS: Technology and Applications}",
   Publisher    = "Morgan Kaufmann Publishers, Inc.",
   Year         = 2000
}


@InProceedings{Decasper_SIGCOMM_1998,
   Author       = "Dan Decasper and Zubin Dittia and Guru Parulkar
                   and Bernhard Plattner",
   Title        = "{Router Plugins: A Software Architecture for Next
                    Generation Routers}",
   Booktitle    = SIGCOMM_1998,
   Address      = SIGCOMM_1998_ADDR,
   Pages        = "229--240",
   Month        = SEPTEMBER,
   Year         = 1998
}


@Article{Decasper_TON_2000,
   Author       = "Dan Decasper and Zubin Dittia and Guru Parulkar
                   and Bernhard Plattner",
   Title        = "{Router Plugins: A Software Architecture for Next
                    Generation Routers}",
   Journal      = TON,
   Volume       = 8,
   Number       = 1,
   Pages        = {2--15},
   Month        = FEBRUARY,
   Year         = 2000,
}


@InProceedings{Degermark_SIGCOMM_1997,
   Author       = "Mikael Degermark and Andrej Brodnik and Svante Carlsson
                   and Stephen Pink",
   Title        = "{Small Forwarding Tables for Fast Routing Lookups}",
   Booktitle    = SIGCOMM_1997,
   Address      = SIGCOMM_1997_ADDR,
   Pages        = "3--14",
   Month        = OCTOBER,
   Year         = 1998
}


@Manual{Pamette_UG_1998,
   Title        = "{DIGITAL PCI Development Platform Reconfigurable Hardware
                    Device for the PCI Bus User's Guide}",
   Organization = "{Digital Equipment Corporation}",
   Note         = "{\url{http://www.research.digital.com/SRC/pamette/}}",
   Address      = "Maynard,\ " # MASSACHUSETTS,
   Month        = APRIL,
   Year         = 1998
}


@InProceedings{Dike_LSC_2001,
   Author       = "Jeff Dike",
   Title        = "{User-mode {Linux}}",
   Booktitle    = "Proceedings of the 5th Annual Linux Showcase and Conference",
   Address      = "Oakland,\ " # CALIFORNIA,
   Month        = NOVEMBER,
   Year         = 2001,
}
% Need pages


@Misc{dpkg,
  key =          "dpkg",
  title =        "{Debian -- dpkg}",
  note =         "\url{http://packages.debian.org/stable/base/dpkg}",
}


@InProceedings{Draves_WWOS_1992,
  author =       "R. P. Draves and B. N. Bershad and A. F. Forin",
  title =        "{Using Microbenchmarks to Evaluate System Performance}",
  booktitle =    WWOS_1992,
  pages =        "154--159",
  month =        APRIL,
  year =         1992,
}

@InProceedings{Druschel_OSDI_1996,
   Author       = "Peter Druschel and Gaurav Banga",
   Title        = "{Lazy Receiver Processing ({LRP}): A Network Subsystem
                    Architecture for Server Systems}",
   Booktitle    = OSDI_1996,
   Address      = OSDI_1996_ADDR,
   Pages        = "261--275",
   Month        = OCTOBER,
   Year         = 1996
}


@InProceedings{Druschel_SIGCOMM_1994,
   Author       = "Peter Druschel and Larry L. Peterson and Bruce S. Davie",
   Title        = "{Experiences with a High-Speed Network Adaptor: A Software
                    Perspective}",
   Booktitle    = SIGCOMM_1994,
   Address      = SIGCOMM_1994_ADDR,
   Pages        = "2--13",
   Month        = OCTOBER,
   Year         = 1994
}


%              Engler_SIGCOMM_1996 -- AKA: dpf:sigcomm96
@InProceedings{Engler_SIGCOMM_1996,
   Author       = "Dawson R. Engler and M. Frans Kaashoek",
   Title        = "{DPF}: fast, flexible message demultiplexing using dynamic
                   code generation",
   Booktitle    = SIGCOMM_1996,
   Address      = SIGCOMM_1996_ADDR,
   Pages        = "53--59",
   Month        = AUGUST,
   Year         = 1996
}


%     ENSIM_2000 -- AKA: ensim
@Misc{ENSIM_WEB,
   Author       = "{Ensim Corp.}",
   Title        = "{Ensim Virtual Private Server}",
   HowPublished = "{\url{http://www.ensim.com/products/\\
privateservers/index.html}}",
}


@Article{Eugster_ACMCS_2003,
  author =       "Patrick Th. Eugster and Pascal Felber and Rachid Guerraoui and Anne-Marie Kermarrec",
  title =        "{The Many Faces of Publish/Subscribe}",
  Journal =    "ACM Computing Surveys",
  Volume       = 35,
  Number       = 2,
  Pages        = "114--131",
  Month        = JUNE,
  year =         2003,
}


@TechReport{Fankhauser_TR_1998,
   Author       = "George Fankhauser and Marcel Dasen and Nathalie Weiler
                   and Bernhard Plattner and Burkhard Stiller",
   Title        = "{The {WaveVideo} System and Network Architecture: Design and
                    Implementation}",
   Number       = 44,
   Institution  = {Institute TIK},
   Address      = {Gloriastrasse 35, 8092 Z\"urich, Switzerland},
   Month        = JUNE,
   Year         = 1998
}


@Article{Fielding_RFC2616,
   Author       = "R. Fielding and J. Gettys and J. C. Mogul and H. Frystyk
                   and L. Masinter and P. Leach and T. Berners-Lee",
   Title        = "{Hypertext Transfer Protocol -- {HTTP}/1.1; {RFC} 2616}",
   Journal      = RFC,
   Month        = JUNE,
   Year         = 1999
}


@InProceedings{Fiuczynski_NOSSDAV_1998,
   Author       = "Marc E. Fiuczynski and Richard P. Martin and Tsutomu Owa
                   and Brian N. Bershad",
   Title        = "{On Using Intelligent Network Interface Cards to support
                    Multimedia Applications}",
   Booktitle    = NOSSDAV_1998,
   Address      = NOSSDAV_1998_ADDR,
   Pages        = "95--98",
   Month        = JULY,
   Year         = 1998,
}


@InProceedings{Fiuczynski_EWSCDA_1998,
   Author       = "Marc E. Fiuczynski and Richard P. Martin and Tsutomu Owa
                   and Brian N. Bershad",
   Title        = "{{SPINE}: A Safe Programmable and Integrated Network Environment}",
   Booktitle    = EWSCDA_1998,
   Address      = EWSCDA_1998_ADDR,
   Pages        = "7--12",
   Month        = SEPTEMBER,
   Year         = 1998
}


@TechReport{Fiuczynski_TR_1998,
   Author       = "Marc E. Fiuczynski and Brian N. Bershad and Richard P. Martin
                   and David E. Culler",
   Title        = "{{SPINE:} An Operating System for Intelligent Network Adapters}",
   Number       = "UW TR--98--08--01",
   Institution  = "University of Washington",
   Address      = "Seattle, WA",
   Month        = AUGUST,
   Year         = 1998
}


@InProceedings{Ford_OSDI_1999,
  author =       "Bryan Ford and Mike Hibler and Jay Lepreau and
                  Roland McGrath and Patrick Tullmann",
  title =        "{Interface and Execution Models in the Fluke Kernel}",
  booktitle =    OSDI_1999,
  address =      OSDI_1999_ADDR,
  month =        FEBRUARY,
  year =         1999
}


@Book{Foster_GRID_1999,
   Editor       = "Ian Foster and Carl Kesselman",
   Title        = "{The Grid: Blueprint for a New Computing Infrastructure}",
   Publisher    = "Morgan Kaufmann Publishers, Inc.",
   Year         = 1999
}


%     Foster_GRID_2002 -- AKA: foster02physiogrid
@Misc{Foster_GRID_2002,
   Author       = "Ian Foster and Carl Kesselman and Jeffrey M. Nick
                   and Steven Tuecke",
   Title        = "{The Physiology of the Grid: An Open Grid Services
                    Architecture for Distributed Systems Integration}",
   HowPublished = "{\url{www.gridforum.org/ogsi-wg/drafts/ogsa_draft2.9_2002-06-22.pdf}}",
   Month        = JUNE,
   Year         = 2002,
}
%   Note         = {draft 2.9}


@InProceedings{Fournet_POPL_2002,
  author =       "Cedric Fournet and Andrew D. Gordon",
  title =        "{Stack Inspection: Theory and Variants}",
  booktitle =    "Proceedings of the 29th ACM Symposium on Principles
                  of Programming Languages",
  year =         2002,
  address =      "Portland, " # OREGON,
  month =        JANUARY,
}


@InProceedings{Fox_ASPLOS_1996,
   Author       = "Armando Fox and Steven D. Gribble and Eric A. Brewer
                   and Elan Amir",
   Title        = "{Adapting to Network and Client Variability via
                    On-Demand Dynamic Distillation}",
   Booktitle    = ASPLOS_1996,
   Address      = ASPLOS_1996_ADDR,
   Pages        = "160--170",
   Month        = OCTOBER,
   Year         = 1996
}


@InProceedings{Freedman_NSDI_2004,
   Author       = "Michael J. Freedman and Eric Freudenthal and David Mazi\`{e}res",
   Title        = "Democratizing content publication with Coral",
   Booktitle    = NSDI_2004,
   Address      = NSDI_2004_ADDR,
   Month        = mar,
   Year         = 2004
}



%              Fu_SOSP_2003 -- AKA: fu.sharp.2003
@InProceedings{Fu_SOSP_2003,
   Author       = "Yun Fu and Jeff Chase and Brent Chun and Steve Schwab and Amin Vahdat",
   Title        = "SHARP: An Architecture for Secure Resource Peering",
   Booktitle    = SOSP_2003,
   Address      = SOSP_2003_ADDR,
   Month        = OCTOBER,
   Year         = 2003
}
% Needs pages

@Article{Fu_TOCS_2002,
   Author       = "Kevin Fu and M. Frans Kaashoek and David Mazi\`{e}res",
   Title        = "{The {Click} Modular Router}",
   Journal      = TOCS,
   Volume       = 20,
   Number       = 1,
   Pages        = "1--24",
   Month        = FEBRUARY,
   Year         = 2002
}


@InProceedings{Garfinkel_SNDSS_2004,
  author =       "T. Garfinkel and B. Pfaff and M. Rosenblum",
  title =        "{Ostia: A Delegating Architecture for Secure System
                  Call Interposition}",
  booktitle =    "Proc.\ 2004 Symposium on Network and Distributed
                  System Security",
  year =         2004,
}

@InProceedings{Ghemawat_SOSP_2003,
  author =       "Sanjay Ghemawat and Howard Gobioff and Shun-Tak Leung",
  title =        "{The Google file system}",
  booktitle =    SOSP_2003,
  address      = SOSP_2003_ADDR,
  month        = OCTOBER,
  year =         2003
}

@Book{Gong_1999,
  author =       "L. Gong",
  title =        "{Inside Java 2 Platform Security}",
  publisher =    "Addison Wesley",
  year =         1999
}

@InProceedings{Gottlieb_OPENARCH_2002,
   Author       = "Yitzchak Gottlieb and Larry Peterson",
   Title        = "{A Comparative Study of Extensible Routers}",
   Booktitle    = OPENARCH_2002,
   Address      = OPENARCH_2002_ADDR,
   Pages        = "51--62",
   Month        = JUNE,
   Year         = 2002
}


@InProceedings{Goyal_SIGCOMM_1996,
   Author       = "Pawan Goyal and Harrick M. Vin and Haichen Cheng",
   Title        = "{Start-time Fair Queueing: A Scheduling Algorithm for
                    Integrated Services Packet Switching Networks}",
   Booktitle    = SIGCOMM_1996,
   Address      = SIGCOMM_1996_ADDR,
   Pages        = "157--168",
   Month        = AUGUST,
   Year         = 1996
}


@InProceedings{Goyal_OSDI_1996,
   Author       = "Pawan Goyal and Xingang Guo and Harrick Vin",
   Title        = "{A Hierarchical {CPU} Scheduler for Multimedia Operating
                    Systems}",
   Booktitle    = OSDI_1996,
   Address      = OSDI_1996_ADDR,
   Pages        = "107--122",
   Month        = OCTOBER,
   Year         = 1996
}


@Book{Habermann_1976,
   Author       = "A. N. Habermann",
   Title        = "{Introduction to Operating System Design}",
   Publisher    = "Science Research Associates, Inc.",
   Year         = 1976
}


@InBook{Habermann_1976_crit,
   Author       = "A. N. Habermann",
   Title        = "{Introduction to Operating System Design}",
   Publisher    = "Science Research Associates, Inc.",
   Pages        = "72--75",
   Year         = 1976
}


@Misc{Hady_PC_2002,
   Author       = "Frank Hady",
   Note         = "Personal Communication",
   Month        = JUNE,
   Year         = 2002
}


%        Hardy_OSR_1985 -- AKA: hardy85
@Article{Hardy_OSR_1985,
   Author       = "Norman Hardy",
   Title        = "{The {KeyKOS} {A}rchitecture}",
   Journal      = OSR,
   Volume       = 19,
   Number       = 4,
   Pages        = "8--25",
   Month        = OCTOBER,
   Year         = 1985
}

@InProceedings{Hicks_ICFP_1998,
   Author       = "Michael Hicks and Pankaj Kakkar and Jonathan T. Moore
                   and Carl A. Gunter and Scott Nettles",
   Title        = "{PLAN}: {A} Packet Language for Active Networks",
   Booktitle    = ICFP_1998,
   Address      = ICFP_1998_ADDR,
   Pages        = "86--93",
   Month        = SEPTEMBER,
   Year         = 1998
}



@inproceedings{ Hitz_USENIX_94,
    author = "D. Hitz and J. Lau and M. Malcolm",
    title = "File System Design for an {NFS} File Server Appliance",
    booktitle = "Proceedings of the {USENIX} Winter 1994 Technical Conference",
    month = "17--21",
    address = "San Fransisco, CA, USA",
    pages = "235--246",
    year = "1994",
    url = "citeseer.ist.psu.edu/hitz95file.html" }




@article{Howard_TOCS_1988,
 author = {John H. Howard and Michael L. Kazar and Sherri G. Menees and David A. Nichols and M. Satyanarayanan and Robert N. Sidebotham and Michael J. West},
 title = {Scale and performance in a distributed file system},
 journal = {ACM Trans. Comput. Syst.},
 volume = {6},
 number = {1},
 year = {1988},
 issn = {0734-2071},
 pages = {51--81},
 doi = {http://doi.acm.org/10.1145/35037.35059},
 publisher = {ACM Press},
 address = {New York, NY, USA},
 }


@Manual{IBM_PowerNP,
   Title        = "{{IBM} {PowerNP} NP4GS3 Network Processor Solutions Product Overview}",
   Organization = "IBM Microelectronics Division",
   Month        = APRIL,
   Year         = 2001
}


@Manual{IEEE_802_3,
   Author       = "{IEEE Standard 802.3}",
   Title        = "{Part 3: Carrier sense multiple access with collision
                    detection (CSMA/CD) access method and physical layer
                    specifications}",
   Organization = "IEEE",
   Address      = "New York, NY",
   Month        = OCTOBER,
   Year         = 2000
}


@Manual{InfiniBand_1.0_v1,
   Title        = "{InfiniBand Architecture Specification, Release~1.0}",
   Organization = "{InfiniBand Trade Association}",
   Volume       = 1,
   Month        = OCTOBER,
   Year         = 2000
}


@Manual{IXP1200DS,
   Title        = "{{IXP1200} Network Processor Datasheet}",
   Organization = "{Intel Corporation}",
   Month        = SEPTEMBER,
   Year         = 2000
}


@Manual{IXP1200EESUG,
   Title        = "{{IXP1200} Network Processor
                    Ethernet Evaluation System User's Guide}",
   Organization = "{Intel Corporation}",
   Month        = OCTOBER,
   Year         = 2000
}


@Manual{Intel_IXP12EB,
   Title        = "{{IXP12EB} {Intel} {IXP1200} Network Processor
                    {Ethernet} Evaluation Kit Product Brief}",
   Organization = "{Intel Corporation}",
   Year         = 2000
}


@Manual{I2O_2.0,
   Title        = "{Intelligent I/O (${\mathrm{I_2 O}}$) Architecture
                    Specification, Version~2.0}",
   Organization = "{Intelligent I/O (${\mathrm{I_2 O}}$) Special
                    Interest Group}",
   Month        = MARCH,
   Year         = 1999
}



@InProceedings{Jim_USENIX_2002,
  author =       "Trevor Jim and Greg Morrisett and Dan Grossman and
                  Michael Hicks",
  title =        "{Cyclone: A Safe Dialect of C}",
  booktitle =    USENIX_2002,
  year =         2002,
  address =      "Monterey, CA",
  month =        JUNE,
}


@Misc{Jin_2003,
   Author       = "C. Jin and D. Wei and S. H. Low and G. Buhrmaster and J. Bunn
                   and D. H. Choe and R. L. A.  Cottrell and J. C. Doyle
                   and W. Feng and O. Martin and H. Newman and F. Paganini
                   and S. Ravot and S. Singh",
   Title        = "{FAST TCP: From Theory to Experiments}",
   Note         = "Submitted for publication",
   Month        = APRIL,
   Year         = 2003
}


@Book{John_2000,
   Editor       = "Lizy Kurian John and Ann Marie Grizzaffi Maynard",
   Title        = "{Workload Characterization for Computer System Design}",
   Publisher    = "Kluwer Academic Publishers",
   Address      = "Boston,\ " # MASSACHUSETTS,
   Month        = MARCH,
   Year         = 2000
}


@InProceedings{Kamp_SANE_2000,
   Author       = "Poul-Henning Kamp and Robert N. M. Watson",
   Title        = "{Jails: {C}onfining the {O}mnipotent {R}oot}",
   Booktitle    = SANE_2000,
   Address      = SANE_2000_ADDR,
   Month        = MAY,
   Year         = 2000,
}
% Needs pages


@TechReport{Karlin_TR_1999,
   Author       = "Scott C. Karlin and Douglas W. Clark and Margaret Martonosi",
   Title        = "{{SurfBoard} -- A Hardware Performance Monitor for {SHRIMP}}",
   Institution  = "Princeton University",
   Number       = "TR--596--99",
   Month        = MARCH,
   Year         = 1999
}


@TechReport{Karlin_TR_2002a,
   Author       = "Scott Karlin and Larry Peterson",
   Title        = "{Maximum Packet Rates for Full-Duplex Ethernet}",
   Institution  = "Princeton University",
   Number       = "TR--645--02",
   Month        = FEBRUARY,
   Year         = 2002
}


@InProceedings{Karlin_OPENARCH_2001,
   Author       = "Scott Karlin and Larry Peterson",
   Title        = "{{VERA}: An Extensible Router Architecture}",
   Booktitle    = OPENARCH_2001,
   Address      = OPENARCH_2001_ADDR,
   Pages        = "3--14",
   Month        = APRIL,
   Year         = 2001
}


@Article{Karlin_COMPNW_2002,
   Author       = "Scott Karlin and Larry Peterson",
   Title        = "{{VERA}: An Extensible Router Architecture}",
   Journal      = COMPUTER_NET,
   Volume       = 38,
   Number       = 3,
   Pages        = "277--293",
   Month        = FEBRUARY,
   Year         = 2002
}


@TechReport{Katcher_TR_3022,
  author =       "Jeffery Katcher",
  title =        "{PostMark: A New File System Benchmark}",
  institution =  "{Network Appliance, Inc.}",
  number =       "TR3022",
}


@InProceedings{Keller_INFOCOM_2000,
   Author       = "Ralph Keller and Sumi Choi and Dan Decasper and Marcel Dasen
                   and George Fankhauser and Bernhard Plattner",
   Title        = "{An Active Router Architecture for Multicast Video
                    Distribution}",
   Booktitle    = INFOCOM_2000,
   Address      = INFOCOM_2000_ADDR,
   Pages        = "1137--1146",
   Month        = MARCH,
   Year         = 2000
}


@Article{Kohler_TOCS_2000,
   Author       = "Eddie Kohler and Robert Morris and Benjie Chen
                   and John Jannotti and M. Frans Kaashoek",
   Title        = "{The {Click} Modular Router}",
   Journal      = TOCS,
   Volume       = 18,
   Number       = 3,
   Pages        = "263--297",
   Month        = AUGUST,
   Year         = 2000
}


%              Kostic_SOSP_2003 -- AKA: bullet-sosp-03
@InProceedings{Kostic_SOSP_2003,
   Author       = "Dejan Kosti\'c and Adolfo Rodriguez and Jeannie Albrecht
                   and Amin Vahdat",
   Title        = "{Bullet: High Bandwidth Data Dissemination Using an
                    Overlay Mesh}",
   Booktitle    = SOSP_2003,
   Address      = SOSP_2003_ADDR,
   Month        = OCTOBER,
   Year         = 2003
}
% Needs pages


@InProceedings{Kotsovinos_WORLDS_2004,
  author =       "Evangelos Kotsovinos and Tim Moreton and Ian Pratt
                  and Russ Ross and Keir Fraser and Steven Hand and
                  Tim Harris",
  title =        "{Global-scale service deployment in the XenoServer
                  platform}",
  booktitle =    WORLDS_2004,
  year =         2004,
  address =      SAN_FRANCISCO,
  month =        DECEMBER,
}


@Article{Kounavis_JSAC_2001,
   Author       = "Michael E. Kounavis and Andrew T. Campell and Stephen Chou
                   and Fabien Modoux and John Vicente and Hao Zhuang",
   Title        = "{The {Genesis} Kernel: A Programming System for Spawning
                    Network Architectures}",
   Journal      = JSAC,
   Volume       = 19,
   Number       = 3,
   Pages        = "511--526",
   Month        = MARCH,
   Year         = 2001
}


%              Kubiatowicz_ASPLOS_2000 -- AKA: Kubiatowicz00
@InProceedings{Kubiatowicz_ASPLOS_2000,
   Author       = "John Kubiatowicz and David Bindel and Yan Chen
                   and Steven Czerwinski and Patrick Eaton and Dennis Geels
                   and Ramakrishna Gummadi and Sean Rhea
                   and Hakim Weatherspoon and Westley Weimer
                   and Chris Wells and Ben Zhao",
   Title        = "{OceanStore: An Architecture for Global-Scale Persistent 
                   Storage}",
   Booktitle    = ASPLOS_2000,
   Address      = ASPLOS_2000_ADDR,
   Pages        = "190--201",
   Month        = NOVEMBER,
   Year         = 2000
}


@InProceedings{Kuhns_DANCE_2002,
   Author       = "Fred Kuhns and John DeHart and Anshul Kantawala
                   and Ralph Keller and John Lockwood and Prashanth Pappu
                   and David Richards and David Taylor and Jyoti Parwatikar
                   and Ed Spitznagel and Jon Turner and Ken Wong",
   Title        = "{Design of a High Performance Dynamically Extensible Router}",
   Booktitle    = DANCE_2002,
   Address      = DANCE_2002_ADDR,
   Pages        = "42--64",
   Month        = MAY,
   Year         = 2002
}


@InProceedings{Lakshman_SIGCOMM_1998,
   Author       = "T. V. Lakshman and D. Stiliadis",
   Title        = "{High Speed Policy-based Packet Forwarding Using Efficient
                    Multi-dimensional Range Matching}",
   Booktitle    = SIGCOMM_1998,
   Address      = SIGCOMM_1998_ADDR,
   Pages        = "203--214",
   Month        = SEPTEMBER,
   Year         = 1998
}


@Article{Lamport_CACM_1978,
  author =       "Leslie Lamport",
  title =        "{Time, clocks, and the ordering of events in a
                  distributed system}",
  journal =      CACM,
  year =         1978,
  volume =       21,
  number =       7,
  pages =        "558--565",
  month =        JULY
}

@Article{Lauer_OSR_1979,
   Author       = "H. C. Lauer and R. M. Needham",
   Title        = "{On the Duality of Operating System Structures}",
   Journal      = "Operating Systems Review",
   Volume       = 13,
   Number       = 2,
   Pages        = "3--19",
   Month        = APRIL,
   Year         = 1979
}


@InProceedings{Lavian_HOTOS_2001,
   Author       = "Tal Lavian and Phil Yonghui Wang",
   Title        = "{Active Networking on A Programmable Network Platform}",
   Booktitle    = HOTOS_2001,
   Address      = HOTOS_2001_ADDR,
   Month        = APRIL,
   Year         = 2001
}


@Article{Lee_Computer_2000,
   Author       = "Edward A. Lee",
   Title        = "{What's Ahead for Embedded Software?}",
   Journal      = COMPUTER,
   Volume       = 33,
   Number       = 9,
   Pages        = "18--26",
   Month        = SEPTEMBER,
   Year         = 2000
}


@InProceedings{Lepe_NETWORKING_2002,
   Author       = "Oscar-Iv{\'\a}n Lepe-Aldama and Jorge Garc{\'\i}a-Vidal",
   Title        = "{I/O Bus Usage Control in PC-Based Software Routers}",
   Booktitle    = NETWORKING_2002,
   Address      = NETWORKING_2002_ADDR,
   Pages        = "1135--1140",
   Month        = MAY,
   Year         = 2002
}


@InProceedings{Lepe_ICC_2002,
   Author       = "Oscar-Iv{\'\a}n Lepe-Aldama and Jorge Garc{\'\i}a-Vidal",
   Title        = "{A Performance Model of a PC Based IP Software Router}",
   Booktitle    = ICC_2002,
   Address      = ICC_2002_ADDR,
   Volume       = 2,
   Pages        = "1230--1235",
   Month        = APRIL,
   Year         = 2002
}


%        Leslie_JSAC_1996 -- AKA: leslie96design
@Article{Leslie_JSAC_1996,
   Author       = "Ian M. Leslie and Derek McAuley and Richard Black
                   and Timothy Roscoe and Paul T. Barham and David Evers
                   and Robin Fairbairns and Eoin Hyden",
   Title        = "{The Design and Implementation of an Operating System
                    to Support Distributed Multimedia Applications}",
   Journal      = JSAC,
   Volume       = 14,
   Number       = 7,
   Pages        = "1280--1297",
   Year         = 1996,
   url          = "citeseer.nj.nec.com/leslie96design.html"
}


%     LARTC -- AKA: lartc
@misc{LARTC,
   Author       = "{Linux Advanced Routing and Traffic Control}",
   Title        = "",
   Note         = "{\url{http://lartc.org/}}"
}


%              Litzkow_ICDCS_1988 -- AKA: condor-hunter
@InProceedings{Litzkow_ICDCS_1988,
   Author       = "Michael Litzkow and Miron Livny and Matthew Mutka",
   Title        = "{{C}ondor - A Hunter of Idle Workstations}",
   Booktitle    = ICDCS_1988,
   Address      = ICDCS_1988_ADDR,
   Pages        = "104--111",
   Month        = JUNE,
   Year         = 1988
}


@InProceedings{Loscocco_FREENIX_2001,
  author =       "Peter Loscocco and Stephen Smalley",
  title =        "{Integrating Flexible Support for Security Policies
                  into the Linux Operating System}",
  booktitle =    "Proc. of the 2001 " # USENIX # " (FREENIX Track)",
  year =         2001,
  address =      BOSTON,
  month =        JUNE,
}

@Article{Martonosi_IJPDSN_1998,
   Author       = "Margaret Martonosi and Scott Karlin and Cheng Liao
                   and Douglas W. Clark",
   Title        = "{Performance Monitoring Infrastructure in Shrimp Multicomputers}",
   Journal      = IJPDSN # " (Invited paper in the special issue on Measurement of
                              Program and System Performance)",
   Volume       = 2,
   Number       = 3,
   Pages        = "126--133",
   Year         = 1999
}

@InProceedings{Mazieres_SOSP_1999,
   Author       = "David Mazi\`{e}res and Michael Kaminsky and M. Frans Kaashoek and Emmett Witchel",
   Title        = "{Separating key management from file system security}",
   Booktitle    = SOSP_1999,
   Address      = SOSP_1999_ADDR,
   Pages        = "124--139",
   Month        = DECEMBER,
   Year         = 1999
}

@Article{McKeown_BCR_1997,
   Author       = "Nick McKeown",
   Title        = "{A Fast Switched Backplane for a Gigabit Switched Router}",
   Journal      = BCR,
   Volume       = 27,
   Number       = 12,
   Month        = DECEMBER,
   Year         = 1997
}


@InProceedings{McVoy_USENIX_1996,
  author       = "Larry McVoy and Carl Staelin",
  title        = "{lmbench: Portable Tools for Performance Analysis}",
  booktitle    = USENIX_1996,
  pages        = {279--294},
  year         = 1996,
  month        = JANUARY
}


%              Mercer_ICMCS_1994 -- AKA: mercer94processor
@InProceedings{Mercer_ICMCS_1994,
    Author      = "Clifford W. Mercer and Stefan Savage and Hideyuki Tokuda",
    Title       = "{Processor Capacity Reserves: Operating System Support for
                    Multimedia Applications}",
    Booktitle   = ICMCS_1994,
    Address     = ICMCS_1994_ADDR,
    Pages       = "90--99",
    Month       = MAY,
    Year        = 1994,
    url         = "citeseer.nj.nec.com/mercer94processor.html"
}

@Article{Mills_RFC1129,
   Author       = "David L. Mills",
   Title        = "Internet Time Synchronization: The {Network Time
                  Protocol}",
   Journal      = RFC,
   Month        = OCT,
   Year         = 1989
}

@InProceedings{Mills_SIGCOMM_1988,
   Author       = "David L. Mills",
   Title        = "{The {Fuzzball}}",
   Booktitle    = SIGCOMM_1988,
   Address      = SIGCOMM_1988_ADDR,
   Pages        = "115--122",
   Month        = AUGUST,
   Year         = 1988
}


@Article{Mogul_TOCS_1997,
   Author       = "Jeffrey C. Mogul and K. K. Ramakrishnan",
   Title        = "{Eliminating Receive Livelock in an Interrupt-Driven Kernel}",
   Journal      = TOCS,
   Volume       = 15,
   Number       = 3,
   Pages        = "217--252",
   Month        = AUGUST,
   Year         = 1997
}


@InProceedings{Morris_SOSP_1999,
   Author       = "Robert Morris and Eddie Kohler and John Jannotti
                   and M. Frans Kaashoek",
   Title        = "{The {Click} Modular Router}",
   Booktitle    = SOSP_1999,
   Address      = SOSP_1999_ADDR,
   Pages        = "217--231",
   Month        = DECEMBER,
   Year         = 1999
}


@InProceedings{Mosberger_OSDI_1996,
   Author       = "David Mosberger and Larry L. Peterson",
   Title        = "{Making Paths Explicit in the {Scout} Operating System}",
   Booktitle    = OSDI_1996,
   Address      = OSDI_1996_ADDR,
   Pages        = "153--167",
   Month        = OCTOBER,
   Year         = 1996
}


@PhdThesis{Mosberger_Thesis_1997,
  author = 	 {D. Mosberger},
  title = 	 {Scout: A path-based operating system},
  school = 	 {University of Arizona},
  year = 	 {1997},
}


@InProceedings{Mosberger_WISP_1998,
  author =       "David Mosberger and Tai Jin",
  title =        "{httperf: A Tool For Measuring Web Server Performance}",
  booktitle =    WISP_1998,
  address =      WISP_1998_ADDR,
  month =        JUNE,
  year =         1998,
}


@Article{Moy_RFC2328,
   Author       = "J. Moy",
   Title        = "{OSPF Version 2; {RFC} 2328}",
   Journal      = RFC,
   Month        = APRIL,
   Year         = 1998
}

%              Harren_IPTPS_2002 -- AKA: pier:iptps02
@InProceedings{Harren_IPTPS_2002,
   Author       = "Matthew Harren and Joseph M. Hellerstein and Ryan Huebsch
                  and Boon Thau Loo and Scott Shenker and Ion Stoica",
   Title        = "{Complex Queries in DHT-based Peer-to-Peer Networks}",
   Booktitle    = IPTPS_2002,
   Address      = IPTPS_2002_ADDR,
   Month        = MARCH,
   Year         = 2002
}
% Needs pages


@InProceedings{Nagar_OLS_2003,
  author       = {Shailabh Nabah and Hubertus Franke and Jonghyuk Choi
                  and Chandra Seetharaman and Scott Kaplan and
                  Nivedita Singhi and Vivek Kashyap and Mike Kravetz},
  title        = {Class-based Prioritized Resource Control in {Linux}},
  booktitle    = OLS_2003,
  month        = JULY,
  year         = 2003,
  address      = OLS_ADDR
}


%           Nath_TR_2003 -- AKA: irisnet:tr
@TechReport{Nath_TR_2003,
   Author       = "Suman Nath and Yan Ke and Phillip B. Gibbons and Brad Karp
                   and Srinivasan Seshan",
   Title        = "{IrisNet: An Architecture for Enabling Sensor-Enriched
                    Internet Service}",
   Institution  = "Intel Research Pittsburgh",
   Number       = "IRP--TR--03--04",
   Month        = JUNE,
   Year         = 2003
}


@InProceedings{Osman_OSDI_2002,
  author =       "Steven Osman and Dinesh Subhraveti and Gong Su and
                  Jason Nieh",
  title =        "{The Design and Implementation of Zap: A System for
                  Migrating Computing Environments}",
  booktitle =    OSDI_2002,
  pages =        "361--376",
  year =         2002,
  address =      OSDI_2002_ADDR,
  month =        DECEMBER,
}


@Article{Park_CACM_1988,
   Author       = "Stephen K. Park and Keith W. Miller",
   Title        = "Random number generators: good ones are hard to find",
   Journal      = CACM,
   Volume       = 31,
   Number       = 10,
   Pages        = "1192--1201",
   Month        = OCTOBER,
   Year         = 1988
}

@InProceedings{Park_WORLDS_2004,
   Author       = "KyoungSoo Park and Vivek S. Pai",
   Title        = "{Deploying Large File Transfer on an HTTP Content Distribution Network}",
   Booktitle    = WORLDS_2004,
   year =         2004,
   address =      SAN_FRANCISCO,
   month =        DECEMBER,
}

@InProceedings{Park_NSDI_2006,
   Author       = "KyoungSoo Park and Vivek S. Pai",
   Title        = "{Scale and Performance in the CoBlitz Large-File Distribution Service}",
   Booktitle    = NSDI_2006,
   Address      = NSDI_2006_ADDR,
   Month        = may,
   Year         = {2005},
}

@Article{Partridge_CCR_1990,
   Author       = "Craig Partridge",
   Title        = "{How Slow is One Gigabit Per Second?}",
   Journal      = CCR,
   Volume       = 20,
   Number       = 1,
   Pages        = "44--53",
   Year         = 1990
}


@Article{Partridge_TON_1998,
   Author       = "Craig Partridge and Philip P. Carvey and Ed Burgess
                   and Isidro Castineyra and Tom Clarke and Lise Graham
                   and Michael Hathaway and Phil Herman and Allen King
                   and Steve Kohalmi and Tracy Ma and John Mcallen
                   and Trevor Mendez and Walter C. Milliken
                   and Ronald Pettyjohn and John Rokosz and Joshua Seeger
                   and Michael Sollins and Steve Storch and Benjamin Tober
                   and Gregory D. Troxel and David Waitzman 
                   and Scott Winterble",
   Title        = "{A {50-Gb/s} {IP} Router}",
   Journal      = TON,
   Volume       = 6,
   Number       = 3,
   Pages        = "237--247",
   Month        = JUNE,
   Year         = 1998
}


@InProceedings{Paxson_SIGCOMM_1997,
   Author       = "Vern Paxson",
   Title        = "{Automated Packet Trace Analysis of {TCP} Implementations}",
   Booktitle    = SIGCOMM_1997,
   Address      = SIGCOMM_1997_ADDR,
   Pages        = "167--179",
   Month        = SEPTEMBER,
   Year         = "1997"
}


@manual{PCI_2.2,
   Title        = "{PCI Local Bus Specification, Revision~2.2}",
   Organization = "{PCI Special Interest Group}",
   Address      = "Hillsboro, Oregon",
   Month        = DECEMBER,
   Year         = 1998
}


@TechReport{PDN_03_010,
  author       = "Timothy Roscoe and Larry Peterson and Scott Karlin
                  and Mike Wawrzoniak",
  title = 	 {{A Simple Common Sensor Interface for PlanetLab}},
  institution =  {{PlanetLab}},
  year = 	 {2003},
  number = 	 {03-010},
  month = 	 MARCH,
  note = 	 {(updated May 2003)},
}


%              Peterson_HOTNETS_2002 -- AKA: Peterson02
@InProceedings{Peterson_HOTNETS_2002,
   Author       = "Larry Peterson and Tom Anderson and David Culler
                   and Timothy Roscoe",
   Title        = "{A Blueprint for Introducing Disruptive Technology into the 
                   Internet}",
   Booktitle    = HOTNETS_2002,
   Address      = HOTNETS_2002_ADDR,
   Month        = OCTOBER,
   Year         = 2002
}
% Note: HOTNETS_2002 proceedings has no page numbers


@Article{Peterson_JSAC_2001,
   Author       = "Larry Peterson and Yitzchak Gottlieb and Mike Hibler
                   and Patrick Tullmann and Jay Lepreau and Steve Schwab
                   and Hrishikesh Dandelkar and Andrew Purtell and John Hartman",
   Title        = "{An OS Interface for Active Routers}",
   Journal      = JSAC,
   Volume       = 19,
   Number       = 3,
   Pages        = "473--487",
   Month        = MARCH,
   Year         = 2001
}


@InProceedings{Peterson_HotOS_1999,
   Author       = "Larry L. Peterson and Scott C. Karlin and Kai Li",
   Title        = "{{OS} Support for General-Purpose Routers}",
   Booktitle    = HOTOS_1999,
   Address      = HOTOS_1999_ADDR,
   Pages        = "38--43",
   Month        = MARCH,
   Year         = 1999
}



@Misc{PlanetLab,
  key =          "PlanetLab",
  title =        "{PlanetLab}",
  note =         "{\url{http://www.planet-lab.org}}",
}


@Article{Postel_RFC791,
   Author       = "Jon Postel",
   Title        = "{Internet Protocol; {RFC} 791}",
   Journal      = RFC,
   Month        = SEPTEMBER,
   Year         = 1981
}


@InProceedings{Pradhan_HotOS_1999,
   Author       = "Prashant Pradhan and {Tzi-cker} Chiueh",
   Title        = "{Operating System Support for Programmable Cluster-Based
                    Internet Routers}",
   Booktitle    = HOTOS_1999,
   Address      = HOTOS_1999_ADDR,
   Pages        = "76--81",
   Month        = MARCH,
   Year         = 1999
}


@InProceedings{Pradhan_MUG_2000,
   Author       = "Prashant Pradhan and {Tzi-cker} Chiueh",
   Title        = "{A Cluster-based, Scalable Edge Router Architecture}",
   Booktitle    = MUG_2000,
   Address      = MUG_2000_ADDR,
   Month        = SEPTEMBER,
   Year         = 2000
}


@InProceedings{Pratt_USENIX_2004,
  author       = "Calicrates Policroniades and Ian Pratt",
  title        = {Alternatives for Detecting Redundancy in Storage
                  Systems Data},
  booktitle    = USENIX_2004,
  address      = USENIX_2004_ADDR,
  month        = JUNE,
  year         = 2004
}

@TechReport{Pradhan_TR_2000,
   Author       = "Prashant Pradhan and {Tzi-cker} Chiueh",
   Title        = "{A Computational Framework for an Extensible Network Router:
                    Design, Implementation and Evaluation}",
   Institution  = "State University of New York at Stony Brook",
   Number       = "TR--93",
   Month        = MAY,
   Year         = 2000
}


@InProceedings{Pradhan_HotOS_2001,
   Author       = "Prashant Pradhan and Kartik Gopalan and {Tzi-cker} Chiueh",
   Title        = "{Design Issues in System Support for Programmable Routers}",
   Booktitle    = HOTOS_2001,
   Address      = HOTOS_2001_ADDR,
   Pages        = "7--11",
   Month        = MAY,
   Year         = 2001
}


@TechReport{Proper_PDN,
  author =       "Steve Muir and Larry Peterson and Marc Fiuczynski
                  and Justin Cappos and John Hartman",
  title =        "{Proper: Privileged Operations in a Virtualised
                  System Environment}",
  institution =  "{PlanetLab}",
  number =       "{PDN-05-027}",
  year =         2005,
}

@InProceedings{Muir_USENIX_2005,
  author =       "Steve Muir and Larry Peterson and Marc Fiuczynski
                  and Justin Cappos and John Hartman",
  title =        "{Proper: Privileged Operations in a Virtualised
                  System Environment}",
  booktitle =    USENIX_2005,
  address =      USENIX_2005_ADDR,
  year =         2005,
  month =        APRIL,
}


@InProceedings{Provos_USS_2003,
  author =       "Niels Provos",
  title =        "{Improving Host Security with System Call Policies}",
  booktitle =    USS_2003,
  pages =        "257--272",
  year =         2003,
  address =      WASHINGTON_DC,
  month =        AUGUST,
}

@InProceedings{Qie_SIGMETRICS_2001,
   Author       = "Xiaohu Qie and Andy Bavier and Larry Peterson
                   and Scott Karlin",
   Title        = "{Scheduling Computations on a Programmable Router}",
   Booktitle    = SIGMETRICS_2001,
   Address      = SIGMETRICS_2001_ADDR,
   Pages        = "13--24",
   Month        = JUNE,
   Year         = 2001
}


@TechReport{Qie_TR_2000,
   Author       = "Xiaohu Qie and Andy Bavier and Larry Peterson
                   and Scott C. Karlin",
   Title        = "{Scheduling Computations on a Programmable Router}",
   Institution  = "Department of Computer Science, Princeton University",
   Number       = "TR--615--00",
   Month        = NOVEMBER,
   Year         = 2000
}

@inproceedings{ Quinlan_FAST_2002,
  author = "S. Quinlan and S. Dorward",
  title = "Venti: a new approach to archival storage",
  booktitle = "First USENIX conference on File and Storage Technologies",
  address = "Monterey,CA",
  year = "2002",
  url = "citeseer.ist.psu.edu/article/quinlan02venti.html" }


@article{Rabinovich_CNIS_1998,
 author = {Michael Rabinovich and Jeff Chase and Syam Gadde},
 title = {Not all hits are created equal: cooperative proxy caching over a wide-area network},
 journal = {Comput. Netw. ISDN Syst.},
 volume = {30},
 number = {22-23},
 year = {1998},
 issn = {0169-7552},
 pages = {2253--2259},
 doi = {http://dx.doi.org/10.1016/S0169-7552(98)00249-9},
 publisher = {Elsevier Science Publishers B. V.},
 address = {Amsterdam, The Netherlands, The Netherlands},
 }



@Manual{RAMiX_PMC694,
   Title        = "{{PMC}/{CompactPCI} Ethernet Controllers Product Family
                    Data Sheet}",
   Organization = "{RAMiX} Incorporated",
   Address      = "Ventura,\ " # CALIFORNIA,
   Year         = 1999
}


@InProceedings{Ranum_LISA_1997,
   Author       = "Marcus J. Ranum and Kent Landfield and Mike Stolarchuk
                   and Mark Sienkiewicz and Andrew Lambeth and Eric Wall",
   Title        = "{Implementing a Generalized Tool For Network Monitoring}",
   Booktitle    = LISA_1997,
   Address      = LISA_1997_ADDR,
   Pages        = "1--8",
   Month        = OCTOBER,
   Year         = 1997
}


%              Ratnasamy_INFOCOM_2002 -- AKA: Ratnasamy02
@InProceedings{Ratnasamy_INFOCOM_2002,
   Author       = "Sylvia Ratnasamy and Mark Handley and Richard Karp
                   and Scott Shenker",
   Title        = "{Topologically-Aware Overlay Construction and Server 
                   Selection}",
   Booktitle    = INFOCOM_2002,
   Address      = INFOCOM_2002_ADDR,
   Pages        = "1190--1199",
   Month        = JUNE,
   Year         = 2002
}


@Article{Rekhter_RFC1771,
   Author       = "Yakov Rekhter and Tony Li",
   Title        = "{A Border Gateway Protocol 4 (BGP--4); {RFC} 1771}",
   Journal      = RFC,
   Month        = MARCH,
   Year         = 1995
}

@Misc{RPM,
  key =          "RPM",
  title =        "{RPM Package Manager}",
  note =         "{\url{http://www.rpm.org/}}",
}



%              Rowstron_SOSP_2001 -- AKA: Rowstron01a
@InProceedings{Rowstron_SOSP_2001,
   Author       = "Antony Rowstron and Peter Druschel",
   Title        = "{Storage Management and Caching in PAST, A Large-Scale
                   Persistent Peer-to-Peer Storage Utility}",
   Booktitle    = SOSP_2001,
   Address      = SOSP_2001_ADDR,
   Pages        = "188--201",
   Month        = OCTOBER,
   Year         = 2001
}


%              Rowstron_MIDDLEWARE_2001 -- AKA: Rowstron01b
@InProceedings{Rowstron_MIDDLEWARE_2001,
   Author       = "Antony Rowstron and Peter Druschel",
   Title        = "{Pastry: Scalable, distributed object location and routing 
                   for large-scale peer-to-peer systems}",
   Booktitle    = MIDDLEWARE_2001,
   Address      = MIDDLEWARE_2001_ADDR,
   Pages        = "329--350",
   Month        = NOVEMBER,
   Year         = 2001
}


@InProceedings{Shalaby_DANCE_2002,
   Author       = "Nadia Shalaby and Larry Peterson and Andy Bavier
                   and Yitzchak Gottlieb and Scott Karlin and Aki Nakao
                   and Xiaohu Qie and Tammo Spalink and Mike Wawrzoniak", 
   Title        = "{Extensible Routers for Active Networks}",
   Booktitle    = DANCE_2002,
   Address      = DANCE_2002_ADDR,
   Pages        = "92--116",
   Month        = MAY,
   Year         = 2002
}


@InProceedings{Shapiro_SOSP_1999,
  author =       "J. S. Shapiro and Jonathan M. Smith and David J. Farber",
  title =        "{EROS: A Capability System}",
  booktitle =    SOSP_1999,
  year =         1999,
  address =      SOSP_1999_ADDR,
  month =        DECEMBER,
}


@Article{Smith_Computer_1999,
   Author       = "Jonathan M. Smith and Kenneth L. Calvert and Sandra L. Murphy
                   and Hilarie K. Orman and Larry L. Peterson",
   Title        = "{Activating Networks: A Progress Report}",
   Journal      = "IEEE Computer",
   Volume       = 32,
   Number       = 4,
   Pages        = "32--41",
   Month        = APRIL,
   Year         = 1999
}


@Article{Smith_Network_1993,
   Author       = "Jonathan M. Smith and C. Brendan S. Traw",
   Title        = "{Giving Applications Access to {${\mathrm{Gb/s}}$} Networking}",
   Journal      = "IEEE Network",
   Volume       = 7,
   Number       = 4,
   Pages        = "44--52",
   Month        = JULY,
   Year         = 1993
}


@TechReport{Spalink_TR_2000,
   Author       = "Tammo Spalink and Scott Karlin and Larry Peterson",
   Title        = "{Evaluating Network Processors in {IP} Forwarding}",
   Institution  = "Department of Computer Science, Princeton University",
   Number       = "TR--626--00",
   Month        = NOVEMBER,
   Year         = 2000
}


@InProceedings{Spalink_SOSP_2001,
   Author       = "Tammo Spalink and Scott Karlin and Larry Peterson
                   and Yitzchak Gottlieb",
   Title        = "{Building a Robust Software-Based Router Using Network
                    Processors}",
   Booktitle    = SOSP_2001,
   Address      = SOSP_2001_ADDR,
   Pages        = "216--229",
   Month        = OCTOBER,
   Year         = 2001
}

@misc{Spalink_PDN,
   Author       = "Brent Chun and Tammo Spalink",
   Title        = "{Slice Creation and Management}",
   Booktitle    = "{PDN-03-013}",
   Note         = "{\url{http://www.planet-lab.org/}}",
   Month        = JUNE,
   Year         = 2003
}

@misc{Slices_PDN,
   Author       = "Larry Peterson and John Hartman and Steve Muir and
                   Timothy Roscoe and Mic Bowman",
   Title        = "{Evolving the Slice Abstraction}",
   Booktitle    = "{PDN-04-017}",
   Month        = JANUARY,
   Year         = 2004,
   url          = "{\url{http://www.planet-lab.org/}}",
}


@TechReport{Spatscheck_TR_1998,
   Author       = "Oliver Spatscheck and Jorgen Hansen and John Hartman
                   and Larry Peterson",
   Title        = "{Optimizing TCP Forwarder Performance}",
   Number       = "89--6",
   Institution  = "Department of Computer Science, University of Arizona",
   Month        = FEBRUARY,
   Year         = 1998
}


@Article{Spatscheck_TON_2000,
   Author       = "Oliver Spatscheck and Jorgen Hansen and John Hartman
                   and Larry Peterson",
   Title        = "{Optimizing TCP Forwarder Performance}",
   Journal      = TON,
   Volume       = 8,
   Number       = 2,
   Pages        = "146--157",
   Month        = APRIL,
   Year         = 2000
}


@InProceedings{Spencer_USS_1999,
  author =       "Ray Spencer and Stephen Smalley and Peter Loscocco
                  and Mike Hibler and David Andersen and Jay Lepreau",
  title =        "{The Flask Security Architecture: System Support for
                  Diverse Security Policies}",
  booktitle =    USS_1999,
  year =         1999,
  address =      WASHINGTON,
  month =        AUGUST,
}

%              Spring_USITS_2003 -- AKA: Spring03
@InProceedings{Spring_USITS_2003,
   Author       = "Neil Spring and David Wetherall and Tom Anderson",
   Title        = "Scriptroute: A facility for distributed Internet measurement",
   Booktitle    = USITS_2003,
   Address      = USITS_2003_ADDR,
   Month        = MARCH,
   Year         = 2003
}
% needs Pages



@Misc{Squid,
  key =          "Squid",
  title =        "{squid : Optimising Web Delivery}",
  note =         "{\url{http://www.squid-cache.org/}}",
}


@InProceedings{Srinivasan_SIGCOMM_1998,
   Author       = "V. Srinivasan and G. Varghese and S. Suri and M. Waldvogel",
   Title        = "{Fast and Scalable Level Four Switching}",
   Booktitle    = SIGCOMM_1998,
   Address      = SIGCOMM_1998_ADDR,
   Pages        = "191--202",
   Month        = SEPTEMBER,
   Year         = 1998
}


@Article{Srinivasan_TOCS_1999,
   Author       = {Venkatachary Srinivasan and George Varghese},
   Title        = {Fast Address Lookups using Controlled Prefix Expansion},
   Journal      = TOCS,
   Volume       = 17,
   Number       = 1,
   Pages        = "1--40",
   Month        = FEBRUARY,
   Year         = 1999,
}


%              Stoica_SIGCOMM_2001 -- AKA: Stoica01
@InProceedings{Stoica_SIGCOMM_2001,
   Author       = "Ion Stoica and Robert Morris and David Karger
                   and Frans Kaashoek and Hari Balakrishnan",
   Title        = "{Chord: A Peer-to-Peer Lookup Service for Internet 
                   Applications}",
   Booktitle    = SIGCOMM_2001,
   Address      = SIGCOMM_2001_ADDR,
   Pages        = "149--160",
   Month        = AUGUST,
   Year         = 2001
}



%              Subramanian_HOTNETS_2002 -- AKA: OverQoS,
@InProceedings{Subramanian_HOTNETS_2002,
   Author       = "Lakshminarayanan Subramanian and Ion Stoica
                   and Hari Balakrishnan and Randy Katz",
   Title        = "{OverQoS: Offering Internet QoS Using Overlays}",
   Booktitle    = HOTNETS_2002,
   Address      = HOTNETS_2002_ADDR,
   Month        = OCTOBER,
   Year         = 2002
}
% Note: HOTNETS_2002 proceedings has no page numbers


@InProceedings{Taylor_OPENARCH_2001,
   Author       = "David E. Taylor and Jon S. Turner and John W. Lockwood",
   Title        = "{Dynamic Hardware Plugins (DHP): Exploiting Reconfigurable
                    Hardware for High-Performance Programmable Routers}",
   Booktitle    = OPENARCH_2001,
   Address      = OPENARCH_2001_ADDR,
   Pages        = "25--34",
   Month        = APRIL,
   Year         = 2001
}

@inproceedings{Thekkath_SOSP_97,
 author = {Chandramohan A. Thekkath and Timothy Mann and Edward K. Lee},
 title = {Frangipani: a scalable distributed file system},
 booktitle = {SOSP '97: Proceedings of the sixteenth ACM symposium on Operating systems principles},
 year = {1997},
 isbn = {0-89791-916-5},
 pages = {224--237},
 location = {Saint Malo, France},
 doi = {http://doi.acm.org/10.1145/268998.266694},
 publisher = {ACM Press},
 address = {New York, NY, USA},
 }


@Article{Traw_JSAC_1993,
   Author       = "C. Brendan S. Traw and Jonathan M. Smith",
   Title        = "{Hardware/Software Organization of a High-Performance
                    ATM Host Interface}",
   Journal      = JSAC # " (Special Issue on High Speed Computer/Network Interfaces)",
   Volume       = 11,
   Number       = 2,
   Pages        = "240--253",
   Year         = 1993
}


@InProceedings{Tucker_VM_2004,
  author =       "Andrew Tucker and David Comay",
  title =        "{Solaris Zones: Operating System Support for Server
                  Consolidation}",
  booktitle =    "3rd Virtual Machine Research and Technology Symposium
                  Works-in-Progress",
  year =         2004,
  address =      "San Jose, CA",
  month =        MAY,
}

@Misc{UML_WEB,
  key =          "user-mode linux",
  title =        "{User-Mode Linux}",
  note =         "\\{\url{http://user-mode-linux.sourceforge.net/}}",
}


@Misc{VirtualPC_WEB,
  key =          "virtual pc",
  title =        "{Virtual PC}",
  note =         "\\{\url{http://www.microsoft.com/windows/\\
virtualpc/default.mspx}}",
}

@Misc{VMWare_WEB,
  key =          "vmware",
  title =        "{VMWare}",
  note =         "\\{\url{http://www.vmware.com/}}",
}

@Misc{vservers,
   Author       = "{Linux VServers Project}",
   Title	= "",
   Note         = "\\{\url{http://linux-vserver.org/}}"
}


@Misc{virtuozzo,
  author =        "{SWSoft}",
  title =         "{Virtuozzo Technology}",
  note = "{\url{http://www.sw-soft.com/en/products/virtuozzo/}}",
}


@Manual{Vitesse_IQ2000,
   Title        = "{{IQ2000} Network Processor Product Brief}",
   Organization = "Vitesse Semiconductor Corporation",
   Address      = "Longmont, Colorado",
   Year         = 2000
}


@InProceedings{vonEicken_SOSP_1995,
   Author       = "Thorsten von Eicken and Anindya Basu and Vineet Buch
                   and Werner Vogels",
   Title        = "{{U-Net}: A User-Level Network Interface for Parallel and
                    Distributed Computing}",
   Booktitle    = SOSP_1995,
   Address      = SOSP_1995_ADDR,
   Pages        = "40--53",
   Month        = DECEMBER,
   Year         = 1995
}


@InProceedings{Waldspurger_OSDI_1994,
   Author       = "Carl A. Waldspurger and William E. Weihl",
   Title        = "{Lottery Scheduling: Flexible Proportional-Share
                    Resource Management}",
   Booktitle    = OSDI_1994,
   Address      = OSDI_1994_ADDR,
   Pages        = "1--11",
   Month        = NOVEMBER,
   Year         = 1994
}

@Article{Waldspurger_OSR_2002,
   Author       = "Carl A Waldspurger",
   Title        = "{Memory resource management in VMware ESX server}",
   Journal      = OSR,
   Volume       = 36,
   Number       = SI,
   Pages        = "181--194",
   Month        = Winter,
   Year         = 2002 
}

@InProceedings{Waldvogel_SIGCOMM_1997,
   Author       = "M. Waldvogel and G. Varghese and J. Turner and B. Plattner",
   Title        = "{Scalable High Speed IP Routing Lookups}",
   Booktitle    = SIGCOMM_1997,
   Address      = SIGCOMM_1997_ADDR,
   Pages        = "25--36",
   Month        = OCTOBER,
   Year         = 1997
}


@Article{Walton_Computer_1998,
   Author       = "Simon Walton and Anne Hutton and Joe Touch",
   Title        = "{High-Speed Data Paths in Host-Based Routers}",
   Journal      = COMPUTER,
   Volume       = 31,
   Number       = 11,
   Pages        = "46--52",
   Month        = NOVEMBER,
   Year         = 1998
}


%              Wang_OSDI_2002 -- AKA: Wang02
@InProceedings{Wang_OSDI_2002,
   Author       = "Limin Wang and Vivek Pai and Larry Peterson",
   Title        = "{The Effectiveness of Request Redirection on CDN Robustness}",
   Booktitle    = OSDI_2002,
   Address      = OSDI_2002_ADDR,
   Pages        = "345--360",
   Month        = DECEMBER,
   Year         = 2002
}


@InProceedings{Wang_USENIX_2002,
   Author       = "Limin Wang and KyoungSoo Park and Ruoming Pang and Vivek Pai and Larry Peterson",
   Title        = "{Reliability and Security in the CoDeeN Content Distribution Network}",
   Booktitle    = USENIX_2002,
   Booktitle    = USENIX_2002_ADDR,
   address =      SAN_FRANCISCO,
   year =         2002,
   month =        AUGUST
}



@InCollection{Watson_LNCS_1981,
  author =       "Richard W. Watson",
  title =        "{Identifiers (Naming) in Distributed Systems}",
  booktitle =    "Distributed Systems---Architecture and
                  Implementation, An Advanced Course",
  pages =        "191--210",
  publisher =    "Springer-Verlag",
  year =         1981,
}

%              Wawrzoniak_HOTNETS_2003 -- AKA: sophia-hotnets03
@InProceedings{Wawrzoniak_HOTNETS_2003,
   Author       = "Mike Wawrzoniak and Larry Peterson and Timothy Roscoe",
   Title        = "{Sophia: An Information Plane for Networked Systems}",
   Booktitle    = HOTNETS_2003,
   Address      = HOTNETS_2003_ADDR,
   Month        = NOVEMBER,
   Year         = 2003
}


@InProceedings{Wetherall_SOSP_1999,
   Author       = "David Wetherall",
   Title        = "{Active network vision and reality: lessons from a
                    capsule-based system}",
   Booktitle    = SOSP_1999,
   Address      = SOSP_1999_ADDR,
   Pages        = "64--79",
   Month        = DECEMBER,
   Year         = 1999
}




@Misc{wget,
  key =          "wget",
  title =        "{GNU Wget - GNU Project - Free Software Foundation (FSF)}",
  note =         "{\url{http://www.gnu.org/software/wget/wget.html}}",
}
@InProceedings{Whitaker_OSDI_2002,
   Author       = "Andrew Whitaker and Marianne Shaw and Steven D. Gribble",
   Title        = "{Scale and Performance in the Denali Isolation Kernel}",
   Booktitle    = OSDI_2002,
   Address      = OSDI_2002_ADDR,
   Pages        = "195--209",
   Year         = 2002,
   Month        = {December}
}


%              White_OSDI_2002 -- AKA: White+:osdi02, White02, white2002
@InProceedings{White_OSDI_2002,
   Author       = "Brian White and Jay Lepreau and Leigh Stoller and
                   Robert Ricci and Shashi Guruprasad and Mac Newbold and
                   Mike Hibler and Chad Barb and Abhijeet Joglekar",
   Title        = "{An Integrated Experimental Environment for Distributed 
                   Systems and Networks}",
   Booktitle    = OSDI_2002,
   Address      = OSDI_2002_ADDR,
   Pages        = "255--270",
   Month        = DECEMBER,
   Year         = 2002
}


@Misc{WinProxy,
  key =          "WinProxy",
  title =        "{WinProxy}",
  note =         "{\url{http://www.winproxy.com/index.asp}}",
}







@InProceedings{Wright_USS_2002,
  author =       "Chris Wright and Crispin Cowan and Stephen Smalley
                  and James Morris and Greg Kroah-Hartman",
  title =        "{Linux Security Modules: General Security Support
                  for the Linux Kernel}",
  booktitle =    "Proceedings of the 11th USENIX Security Symposium",
  address =      SAN_FRANCISCO,
  year =         2002,
  month =        AUGUST
}


@InProceedings{Xie_RAID_2004,
  author =       "Y. Xie and H. Kim and D. O'Hallaron and M. Reiter
                  and H. Zhang",
  title =        "{Seurat: A Pointillist Approach to Anomaly
                  Detection}",
  booktitle =    "Proceedings of the 7th International Symposium on
                  Recent Advances in Intrusion Detection (RAID 2004)",
  year =         2004,
  month =        SEPTEMBER
}


@Misc{Yum,
  key =          "Yum",
  title =        "{Yum: Yellow Dog Updater Modified}",
  note =         "{\url{http://linux.duke.edu/projects/yum/}}",
}


@InProceedings{Zhang_ICNP,
   Author       = "M. Zhang and B. Karp and S. Floyd and L. Peterson",
   Title        = "{RR-TCP: A Reordering-Robust TCP with DSACK}",
   Booktitle    = ICNP_2003,
   Address      = ICNP_2003_ADDR,
   Month        = NOVEMBER,
   Year         = 2003
}






@Misc{GoogleDistroPopularity,
  key =          "Google Distro Popularity",
  title =        "{gPowered: By the Power of Google...: Linux Distro Popularity
According to Google}",
  note =         "{\url{http://blog.gpowered.net/2007/10/linux-distro-popularity-according-to.html}}",
}





@Misc{dpkgRPMdiff,
  key =          "package type differences",
  title =        "{Re: Differences of Debian vs. the Other Guys}",
  note =         "{\url{http://lists.debian.org/debian-devel/1998/06/msg00128.html}}",
}





@Misc{Synaptic,
  key =          "Synaptic",
  title =        "{Synaptic Package Manager - Home}",
  note =         "{\url{http://www.nongnu.org/synaptic/}}",
}







@Misc{KPackage,
  key =          "KPackage",
  title =        "{The KPackage Handbook}",
  note =         "{\url{http://docs.kde.org/development/en/kdeadmin/kpackage/}}",
}





@Misc{YaST,
  key =          "YaST",
  title =        "{YaST - openSuSE}",
  note =         "{\url{http://en.opensuse.org/YaST}}",
}





@Misc{Slackware,
  key =          "Slackware",
  title =        "{Slackware Package Management}",
  note =         "{\url{http://www.slacksite.com/slackware/packages.html}}",
}







@Misc{DistroWatchPopularity,
  key =          "DistroWatchPopularity",
  title =        "{DistroWatch.com: Editorial: How Popular is a Distribution?}",
  note =         "{\url{http://distrowatch.com/weekly.php?issue=20070827#feature}}",
}





@Misc{DistroWatchFacts,
  key =          "DistroWatchFacts",
  title =        "{DistroWatch.com: Linux Distributions - Facts and Figures}",
  note =         "{\url{http://distrowatch.com/stats.php?section=packagemanagement}}",
}





@Misc{PortageSigning,
  key =          "PortageSigning",
  title =        "{'[gentoo-security] The state of ebuild signing in portage' - MARC}",
  note =         "{\url{http://marc.info/?l=gentoo-security&m=105073449619892&w=2}}",
}


@Misc{Portage,
  key =          "Portage",
  title =        "{Gentoo-Portage}",
  note =         "{\url{http://gentoo-portage.com/}}",
}




@Misc{Pacman,
  key =          "Arch Linux Installation",
  title =        "{Arch Linux (Don't Panic) Installation Guide}",
  note =         "{\url{http://www.archlinux.org/static/docs/arch-install-guide.txt}}",
}





@Misc{PacmanMITM,
  key =          "PacmanMITM",
  title =        "{Arch Linux Forums / Pacman vulnerable to MITM attacks?}",
  note =         "{\url{http://bbs.archlinux.org/viewtopic.php?id=35609}}",
}






@Misc{PacmanSigning,
  key =          "PacmanSigning",
  title =        "{Arch Linux Forums / Package signing}",
  note =         "{\url{http://bbs.archlinux.org/viewtopic.php?id=27867}}",
}







@Misc{AptPackageTrust,
  key =          "AptPackageTrust",
  title =        "{Understanding and Managing Package Trust}",
  note =         "{\url{http://people.debian.org/~dburrows/aptitude-doc/en/ch02s02s06.html}}",
}





@Misc{DebianWiki,
  key =          "DebianWiki",
  title =        "{Debian - Wikipedia, the free encyclopedia}",
  note =         "{\url{http://en.wikipedia.org/wiki/Debian}}",
}





@Misc{DebianCompromises,
  key =          "DebianCompromises",
  title =        "{Debian Investigation Report after Server Compromises}",
  note =         "{\url{http://people.debian.org/~terpstra/message/20031202.142351.b5dc19f4.en.html}}",
}





@Misc{APTHOWTO,
  key =          "APTHOWTO",
  title =        "{APT HOWTO}",
  note =         "{\url{http://www.debian.org/doc/manuals/apt-howto/}}",
}





@Misc{SecureApt,
  key =          "SecureApt",
  title =        "{SecureApt - Debian Wiki}",
  note =         "{\url{http://wiki.debian.org/SecureApt}}",
}






@Misc{CronApt,
  key =          "CronApt",
  title =        "{Debian Administration :: A short introduction to cron-apt.}",
  note =         "{\url{http://www.debian-administration.org/articles/162}}",
}





@Misc{DebianVirtualPackageNames,
  key =          "DebianVirtualPackageNames",
  title =        "{Authoritative List of Virtual Package Names.}",
  note =         "{\url{http://www.debian.org/doc/packaging-manuals/virtual-package-names-list.txt}}",
}




@Misc{DebianPackageRelationships,
  key =          "DebianPackageRelationships",
  title =        "{Debian Policy Manual - Declaring relationships between packages}",
  note =         "{\url{http://www.debian.org/doc/debian-policy/ch-relationships.html#s-virtual}}",
}




@Misc{DebianDevelopersReference,
  key =          "DebianDevelopersReference",
  title =        "{Debian Developer's Reference}",
  note =         "{\url{http://www.debian.org/doc/packaging-manuals/developers-reference/}}",
}






@Misc{GPGSubkeys,
  key =          "GPGSubkeys",
  title =        "{Using multiple subkeys in GPG}",
  note =         "{\url{http://fortytwo.ch/gpg/subkeys}}",
}





@Misc{RSAChallenge,
  key =          "RSAChallenge",
  title =        "{RSA Laboratories - The RSA Challenge Numbers}",
  note =         "{\url{http://www.rsa.com/rsalabs/node.asp?id=2093}}",
}





@Misc{RSAFactoringWiki,
  key =          "RSAFactoringWiki",
  title =        "{RSA Factoring Challenge - Wikipedia, the free encyclopedia}",
  note =         "{\url{http://en.wikipedia.org/wiki/RSA_Factoring_Challenge}}",
}





@Misc{RSA640,
  key =          "RSA640",
  title =        "{RSA Laboratories - RSA-640 is factored!}",
  note =         "{\url{http://www.rsa.com/rsalabs/node.asp?id=2964}}",
}





@Misc{StormWorm,
  key =          "StormWorm",
  title =        "{Storm worm: More powerful than Blue Gene? - ZDNet UK}",
  note =         "{\url{http://news.zdnet.co.uk/security/0,1000000189,39289226,00.htm}}",
}



@Misc{Urpmi,
  key =          "URPMI",
  title =        "{URPMI}",
  note =         "{\url{http://www.urpmi.org/}}",
}






@Misc{Apt-RPM,
  key =          "Apt-RPM",
  title =        "{APT-RPM}",
  note =         "{\url{http://apt-rpm.org/}}",
}








@Misc{CERT,
  key =          "CERT",
  title =        "{CERT}",
  note =         "{\url{http://www.cert.org/}}",
}






@Misc{GovCertUK,
  key =          "GovCertUK",
  title =        "{GovCertUK}",
  note =         "{\url{http://www.govcertuk.gov.uk/}}",
}



@InProceedings{Cappos_WORLDS_2005,
   Author       = "Justin Cappos and John Hartman",
   Title        = "{Why It Is Hard to Build a Long Running Service on Planetlab}",
   Booktitle    = WORLDS_2005,
   year =         2005,
   address =      SAN_FRANCISCO,
   month =        DECEMBER,
}

@INPROCEEDINGS{BTGFA06,
  author = {Andreas Binzenh{\"o}fer and  Kurt Tutschku and  Bj{\"o}rn auf dem Graben and  Markus Fiedler and Patrik Arlos},
  title = {{A P2P-based Framework for Distributed Network Management}},
  booktitle = {New Trends in Network Architectures and Services, {LNCS} 3883},
  address = {Loveno di Menaggio, Como, Italy},
  year = {2006},
}

@INPROCEEDINGS{SDFTCP11,
  author = {S. Sundaresan and W. de Donato and N. Feamster and R. Teixeira and S. Crawford and A. Pescape},
  title = {{Broadband Internet Performance: A View From the Gateway}},
  booktitle = {In Proceedings of 2011 conference on Applications, Technologies, Architectures, and Protocols for Computer Communications (SIGCOMM2011)},
  address = {Toronto, Ontario, Canada},
  month = {Aug.},
  year = {2011},
}



@Misc{SquirrelMailPoisoning,
  key =          "SquirrelMailPoisoning",
  title =        "{SquirrelMail Repository Poisoned with Critical flaw}",
  note =         "{\url{http://www.beskerming.com/commentary/2007/12/19/313/SquirrelMail_Repository_Poisoned_with_Critical_flaw}}",
}



@Misc{dpkg-sigman,
  key =          "dpkg-sigman",
  title =        "{man dpkg-sig}",
  note =         "{\url{http://pwet.fr/man/linux/commandes/dpkg_sig}}",
}




@Misc{debsigs,
  key =          "debsigs",
  title =        "{debsigs - What is debsigs}",
  note =         "{\url{http://linux.about.com/cs/linux101/g/debsigs.htm}}",
}








@Misc{UniversalMITM,
  key =          "UniversalMITM",
  title =        "{RSA Alert: New Universal Man-in-the-Middle Phishing Kit Discovered}",
  note =         "{\url{http://www.rsa.com/press_release.aspx?id=7667}}",
}



@Misc{dsniff,
  key =          "dsniff",
  title =        "{dsniff}",
  note =         "{\url{http://monkey.org/~dugsong/dsniff/}}",
}



@InProceedings{Godber_PPW_2003,
   Author       = "A. Godber and P. Dasgupta",
   Title        = "{Countering rogues in wireless networks}",
   Booktitle    = "2003 International Conference on Parallel Processing Workshops",
   year =         2003,
   month =        OCTOBER,
}



@InProceedings{Yuan_ICC_2006,
   Author       = "Lihua Yuan and K. Kant and P. Mohapatra and Chen-Nee Chuah",
   Title        = "{DoX: A Peer-to-Peer Antidote for DNS Cache Poisoning Attacks}",
   Booktitle    = "2006 IEEE International Conference on Communications",
   year =         2006,
   month =        JUNE,
}


@article{Samuel_login_2008,
 author = "Justin Samuel and Jeremy Plichta and Justin Cappos",
 title = "{Centralized Package Management Using Stork}",
 journal = {To appear in ;login:},
 year = 2008,
 month = FEBRUARY,
 }




@Misc{FedoraMirror,
  key =          "FedoraMirror",
  title =        "{Infrastructure/Mirroring -- Fedora Project Wiki}",
  note =         "{\url{http://fedoraproject.org/wiki/Infrastructure/Mirroring}}",
}






@Misc{iPhonemalicious,
  key =          "iPhonemalicious",
  title =        "{MMi Public Service Announcement -- Malicious Installer Source Warning}",
  note =         "{\url{http://www.modmyifone.com/forums/showthread.php?t=24323}}",
}



@Misc{NetcraftServerPopularity,
  key =          "NetcraftServerPopularity",
  title =        "{Netcraft: Strong growth for Debian}",
  note =         "{\url{http://news.netcraft.com/archives/2005/12/05/strong_growth_for_debian.html}}",
}



@Misc{Milw0rm,
  key =          "Milw0rm",
  title =        "{milw0rm - exploits : vulnerabilities : videos : papers : shellcode}",
  note =         "{\url{http://www.milw0rm.com}}",
}



@Misc{verificationarguments,
  key =          "verificationarguments",
  title =        "{dkpg-sig support wanted?}",
  note =         "{\url{http://nixforums.org/about101637-asc-15.html}}",
}






@Misc{Ports,
  key =          "Ports",
  title =        "{Installing Applications: Packages and Ports}",
  note =         "{\url{http://www.freebsd.org/doc/en_US.ISO8859-1/books/handbook/ports.html}}",
}


@Misc{Codesign,
  key =         "Codesign",
  title =       "{Introduction to Code Signing}",
  note =        "{\url{http://msdn2.microsoft.com/en-us/library/ms537361.aspx}}",
}

@Misc{Verisign,
  key =         "Verisign",
  title =       "{Verisign Corporation}",
  note =        "{\url{http://www.verisign.com/}}",
}


@InProceedings{freebsdupdate,
   Author       = "Colin Percival",
   Title        = "{An Automated Binary Security Update System for FreeBSD}",
   Booktitle    = BSDCON_2003,
   Address      = "San Mateo, CA",
   Pages        = "29-34",
   Month        = SEPTEMBER,
   Year         = 2003
}

@InProceedings{deployme,
   Author       = "Kyle Oppenheim and Patrick McCormick",
   Title        = "{Deployme: Tellme's Package Management and Deployment System}",
   Booktitle    = LISA_2000,
   Address      = "New Orleans, LA",
   Pages        = "187-196",
   Month        = DECEMBER,
   Year         = 2000
}

@InProceedings{depot,
   Author       = "Kenneth Manheimer and Barry A. Warsaw and Stephen N. Clark and Walter Rowe",
   Title        = "{The Depot: A Framework for Sharing Software Installation Across Organizational and UNIX Platform Boundaries}",
   Booktitle    = LISA_1990,
   Address      = "Colorado Springs, CO",
   Pages        = "37-46",
   Month        = OCTOBER,
   Year         = 1990
}

@InProceedings{safari,
   Author       = "Bill Fithen and Steve Kalinowski and Jeff Carpenter and Jed Pickel",
   Title        = "{Infrastructure: A Prerequisite for Effective Security}",
   Booktitle    = LISA_1998,
   Address      = "Boston, MA",
   Pages        = "11-26",
   Month        = DECEMBER,
   Year         = 1998
}


@inproceedings{WindowsUpdate,
 author = {Christos Gkantsidis and Thomas Karagiannis and Milan VojnoviC},
 title = {Planet scale software updates},
 booktitle = {SIGCOMM '06: Proceedings of the 2006 conference on Applications, technologies, architectures, and protocols for computer communications},
 year = {2006},
 isbn = {1-59593-308-5},
 pages = {423--434},
 location = {Pisa, Italy},
 doi = {http://doi.acm.org/10.1145/1159913.1159961},
 publisher = {ACM},
 address = {New York, NY, USA},
 }



@Misc{MacSoftwareUpdate,
  key =          "MacSoftwareUpdate",
  title =        "{Apple -- Software Update}",
  note =         "{\url{http://www.apple.com/softwareupdate/}}",
}




@InProceedings{Bellissimo_HOTSEC_06,
   Author       = "Anthony Bellissimo and John Burgess and Kevin Fu",
   Title        = "{Secure Software Updates: Disappointments and New Challenges}",
   Booktitle    = "1st USENIX Workshop on Hot Topics in Security",
   Address      = "Vancouver, Canada",
   Pages        = "37-43",
   Month        = JULY,
   Year         = 2006
}


@inproceedings{SUNDR,
 author = {David Mazi\`{e}res and Dennis Shasha},
 title = {Building secure file systems out of {B}yzantine storage},
 booktitle = {PODC '02: Proceedings of the twenty-first annual symposium on Principles of distributed computing},
 year = {2002},
 isbn = {1-58113-485-1},
 pages = {108--117},
 location = {Monterey, California},
 doi = {http://doi.acm.org/10.1145/571825.571840},
 publisher = {ACM},
 address = {New York, NY, USA},
 }




@Misc{InstallShield,
  key =          "InstallShield",
  title =        "{InstallShield -- Installation Tool}",
  note =         "{\url{http://www.macrovision.com/products/installation/installshield.htm}}",
}






@Misc{Wise,
  key =          "Wise",
  title =        "{Software Packaging and Installation Authoring Tools -- Altris, Inc.}",
  note =         "{\url{http://www.wise.com/}}",
}


@inproceedings{MurphySecurity,
 author = {Wietse Venema},
 title = {Murphy's law and computer security},
 booktitle = {SSYM'96: Proceedings of the 6th conference on USENIX Security Symposium, Focusing on Applications of Cryptography},
 year = {1996},
 pages = {19--19},
 location = {San Jose, California},
 publisher = {USENIX Association},
 address = {Berkeley, CA, USA},
 }



@InProceedings{Wurster_HOTSEC_07,
   Author       = "Glenn Wurster and P.C. van Oorschot",
   Title        = "{Self-Signed Executables: Restricting Replacement of Program Binaries by Malware}",
   Booktitle    = "2nd USENIX Workshop on Hot Topics in Security",
   Address      = "Boston, MA",
   Month        = AUGUST,
   Year         = 2007
}

@inproceedings{NetBSDUpdate,
 author = {Alistair Crooks},
 title = {The NetBSD update system},
 booktitle = {ATEC '04: Proceedings of the USENIX Annual Technical Conference},
 year = {2004},
 pages = {17--17},
 location = {Boston, MA},
 publisher = {USENIX Association},
 address = {Berkeley, CA, USA},
 }

 @article{sharma2003mha,
  title={{Mirror hopping approach for selective denial of service prevention}},
  author={Sharma, P. and Shah, P. and Bhattacharya, S.},
  journal={Object-Oriented Real-Time Dependable Systems, 2003.(WORDS 2003). Proceedings of the Eighth International Workshop on},
  pages={200--208},
  year={2003}
}

@article{byers1999amm,
  title={{Accessing multiple mirror sites in parallel: using Tornado codes tospeed up downloads}},
  author={Byers, JW and Luby, M. and Mitzenmacher, M.},
  journal={INFOCOM'99. Eighteenth Annual Joint Conference of the IEEE Computer and Communications Societies. IEEE},
  volume={1},
  year={1999}
}



@Misc{CERTblog,
  key =          "CERTblog",
  author={Ryan Giobbi},
  title =        "{Vulnerability Analysis Blog: Safely Using Package Managers}",
  note =         "{\url{http://www.cert.org/blogs/vuls/2008/07/using_package_managers.html}}",
}


@Misc{CentOSrant,
  key =          "CentOSrant",
  author={Johnny Hughes},
  title =        "{HughesJR.com -- Attacks on Package Managers -- ummm...}",
  note =         "{\url{http://www.hughesjr.com/content/view/22/1/}}",
}


@TechReport{This-TR,
   Author       = "Justin Cappos and Justin Samuel and Scott Baker and John Hartman",
   Title        = "{A Look In the Mirror: Attacks on Package Managers}",
   Institution  = "Department of Computer Science, University of Arizona",
   Number       = "TR--08--06",
   Month        = July,
   Year         = 2008
}


@Misc{Gentoofixes,
  key =          "Gentoofixes",
  author={Robin H. Johnson},
  title =        "{[gentoo] Index of /users/robbat2/tree-signing-gleps}",
  note =         "{\url{http://viewcvs.gentoo.org/viewcvs.py/gentoo/users/robbat2/tree-signing-gleps/}}",
}


@Misc{RedHatfixes,
  key =          "RedHatfixes",
  author=	 {Matt Domsch},
  title =        "{Re: YUM security issues...}",
  note =         "{\url{https://www.redhat.com/archives/fedora-infrastructure-list/2008-July/msg00114.html}}",
}




@Misc{MicrosoftMemo,
  key =          "MicrosoftMemo",
  author=	 {Maureen O'Gara},
  title =        "{"Cloud Computing Is the Plan" -- Ballmer Memo}",
  note =         "{\url{http://wireless.sys-con.com/node/618924}}",
}





@Misc{IBMBlueCloud,
  key =          "IBMBlueCloud",
  author=	 {Mike Darcy},
  title =        "{IBM Press room - 2007-11-15 IBM Introduces Ready-to-Use Cloud Computing}",
  note =         "{\url{http://www-03.ibm.com/press/us/en/pressrelease/22613.wss}}",
}



@Misc{GoogleAppEngine,
  key =          "GoogleAppEngine",
  title =        "{Google App Engine - Google Code}",
  note =         "{\url{http://code.google.com/appengine/}}",
}




@Misc{AmazonS3,
  key =          "AmazonS3",
  title =        "{Amazon S3 - Amazon Web Services @ Amazon.com}",
  note =         "{\url{http://www.amazon.com/gp/browse.html?node=16427261}}",
}




@Misc{AmazonEC2,
  key =          "AmazonEC2",
  title =        "{Amazon EC2 - Amazon Web Services @ Amazon.com}",
  note =         "{\url{http://www.amazon.com/gp/browse.html?node=201590011}}",
}


@Misc{MicrosoftAzure,
  key =          "MicrosoftAzure",
  title =        "{Microsoft Azure Platform}",
  note =         "{\url{http://www.microsoft.com/azure/}}",
}


@Misc{BOINC,
  key =          "BOINC",
  title =        "{BOINC}",
  note =         "{\url{http://boinc.berkeley.edu/}}",
}



@Misc{GoogleDocs,
  key =          "GoogleDocs",
  title =        "{Welcome to Google Docs}",
  note =         "{\url{http://docs.google.com/}}",
}


@InProceedings{Katz_NSDI_2008,
   Author       = "Ethan Katz-Bassett and Harsha V. Madhyastha and John P. John and Arvind Krishnamurthy and Thomas Anderson and David Wetherall",
   Title        = "{Studying Black Holes in the Internet with Hubble}",
   Booktitle    = NSDI_2008,
   Address      = NSDI_2008_ADDR,
   Month        = April,
   Year         = {2008},
}




@Misc{Hadoop,
  key =          "Hadoop",
  title =        "{Welcome to Hadoop!}",
  note =         "{\url{http://hadoop.apache.org/core/}}",
}




@Misc{HPCloud,
  key =          "HPCloud",
  title =        "{HP Press Kit: HP, Intel and Yahoo! Create Global Cloud Computing Research Test Bed}",
  note =         "{\url{http://www.hp.com/hpinfo/newsroom/press_kits/2008/cloudresearch/index.html}}",
}



@InProceedings{Albrecht_LISA_2007,
   Author       = "Jeannie Albrecht and Ryan Braud and Darren Dao and Nikolay Topilski and Christopher Tuttle and Alex C. Snoeren and Amin Vahdat",
   Title        = "{Remote Control: Distributed Application Configuration, Management, and Visualization with Plush}",
   Booktitle    = LISA_2007,
   Address      = LISA_2007_ADDR,
   Month        = November,
   Year         = {2007},
}


@Misc{GetMyIP,
  key =          "GetMyIP",
  title =        "{Clean way to get one's network IP address?}",
  note =         "{\url{http://groups.google.com/group/comp.lang.python/browse_thread/thread/d931cdc326d7032b}}",
}

@Misc{CPython,
  key =          "CPython",
  title =        "{Python Programming Language}",
  note =         "{\url{http://www.python.org/}}",
}


@Misc{Krebs_Value_Hacked_PC,
  key =          "Krebs_Value_Hacked_PC",
  author =       "Brian Krebs",
  title =        "{Security Fix -- The Scrap Value of a Hacked PC}",
  note =         "{\url{http://voices.washingtonpost.com/securityfix/2009/05/the_scrap_value_of_a_hacked_pc.html}}",
}

@inproceedings{NativeClient,
 author = {Bennet Yee and David Sehr and Gregory Dardyk and J. Bradley Chen and Robert Muth and Tavis Ormandy and Shiki Okasaka and Neha Narula and and Nicholas Fullagar},
 title = "{Native Client: A Sandbox for Portable, Untrusted x86 Native Code}",
 booktitle = {IEEE Symposium on Security and Privacy},
 year = {2009},
 }


@inproceedings{chou_sosp01,
 author = {Chou, Andy and Yang, Junfeng and Chelf, Benjamin and Hallem, Seth and Engler, Dawson},
 title = {An empirical study of operating systems errors},
 booktitle = {SOSP '01: Proceedings of the eighteenth ACM symposium on Operating systems principles},
 year = {2001},
 isbn = {1-58113-389-8},
 pages = {73--88},
 location = {Banff, Alberta, Canada},
 doi = {http://doi.acm.org/10.1145/502034.502042},
 publisher = {ACM},
 address = {New York, NY, USA},
 }


@article{disch2008sigcomm,
 author = {Dischinger, Marcel and Haeberlen, Andreas and Beschastnikh, Ivan and Gummadi, Krishna P. and Saroiu, Stefan},
 title = {Satellitelab: adding heterogeneity to planetary-scale network testbeds},
 journal = {SIGCOMM Comput. Commun. Rev.},
 volume = {38},
 number = {4},
 year = {2008},
 issn = {0146-4833},
 pages = {315--326},
 doi = {http://doi.acm.org/10.1145/1402946.1402994},
 publisher = {ACM},
 address = {New York, NY, USA},
 }


@article{banerjee2004interdomain,
  title={{The interdomain connectivity of PlanetLab nodes}},
  author={Banerjee, S. and Griffin, T.G. and Pias, M.},
  publisher={Springer}
}


@INPROCEEDINGS{Zheng05internetrouting,
    author = {Han Zheng and Eng Keong Lua and Marcelo Pias and Timothy G. Griffin},
    title = {Internet routing policies and round-trip-times},
    booktitle = {In PAM},
    year = {2005}
}

@article{spring2006using,
  title={{Using PlanetLab for network research: myths, realities, and best practices}},
  author={Spring, N. and Peterson, L. and Bavier, A. and Pai, V.},
  journal={ACM SIGOPS Operating Systems Review},
  volume={40},
  number={1},
  pages={17--24},
  year={2006},
  publisher={ACM New York, NY, USA}
}

@InProceedings{ledlie2008nsdi,
   Author       = "Jonathan Ledlie and Paul Gardner and Margo Seltzer",
   Title        = "{Network Coordinates in the Wild}",
   Booktitle    = NSDI_2007,
   Address      = NSDI_2007_ADDR,
   Month        = April,
   Year         = {2007},
}




@conference{bhagwan2003understanding,
  title={{Understanding Availability}},
  author={Bhagwan, R. and Savage, S. and Voelker, G.M.},
  booktitle={Peer-to-peer systems II: second international workshop, IPTPS 2003, Berkeley, CA, USA, February 21-22, 2003: revised papers},
  pages={256},
  year={2003},
  organization={Springer-Verlag New York Inc}
}



@inproceedings{bala2002metrics,
 author = {Balachandran, Anand and Voelker, Geoffrey M. and Bahl, Paramvir and Rangan, P. Venkat},
 title = {Characterizing user behavior and network performance in a public wireless LAN},
 booktitle = {SIGMETRICS '02: Proceedings of the 2002 ACM SIGMETRICS international conference on Measurement and modeling of computer systems},
 year = {2002},
 isbn = {1-58113-531-9},
 pages = {195--205},
 location = {Marina Del Rey, California},
 doi = {http://doi.acm.org/10.1145/511334.511359},
 publisher = {ACM},
 address = {New York, NY, USA},
 }



@inproceedings{falkner2007profiling,
 author = {Falkner, Jarret and Piatek, Michael and John, John P. and Krishnamurthy, Arvind and Anderson, Thomas},
 title = {Profiling a million user dht},
 booktitle = {IMC '07: Proceedings of the 7th ACM SIGCOMM conference on Internet measurement},
 year = {2007},
 isbn = {978-1-59593-908-1},
 pages = {129--134},
 location = {San Diego, California, USA},
 doi = {http://doi.acm.org/10.1145/1298306.1298325},
 publisher = {ACM},
 address = {New York, NY, USA},
 }


@conference{freedman2004democratizing,
  title={{Democratizing content publication with coral}},
  author={Freedman, M.J. and Freudenthal, E. and Mazi{\`e}res, D.},
  booktitle={Proceedings of the 1st conference on Symposium on Networked Systems Design and Implementation},
  year={2004},
  organization={USENIX Association Berkeley, CA, USA}
}


@conference{wang2004reliability,
  title={{Reliability and security in the CoDeeN content distribution network}},
  author={Wang, L. and Park, K.S. and Pang, R. and Pai, V. and Peterson, L.},
  booktitle={Proceedings of the USENIX 2004 Annual Technical Conference},
  year={2004}
}


@inproceedings{anderson2004boinc,
 author = {Anderson, David P.},
 title = {BOINC: A System for Public-Resource Computing and Storage},
 booktitle = {GRID '04: Proceedings of the 5th IEEE/ACM International Workshop on Grid Computing},
 year = {2004},
 isbn = {0-7695-2256-4},
 pages = {4--10},
 doi = {http://dx.doi.org/10.1109/GRID.2004.14},
 publisher = {IEEE Computer Society},
 address = {Washington, DC, USA},
 }

@article{anderson2002seti,
 author = {Anderson, David P. and Cobb, Jeff and Korpela, Eric and Lebofsky, Matt and Werthimer, Dan},
 title = {SETI@home: an experiment in public-resource computing},
 journal = {Commun. ACM},
 volume = {45},
 number = {11},
 year = {2002},
 issn = {0001-0782},
 pages = {56--61},
 doi = {http://doi.acm.org/10.1145/581571.581573},
 publisher = {ACM},
 address = {New York, NY, USA},
 }


@article{VINI_SIGCOMM06,
 author = {Bavier, Andy and Feamster, Nick and Huang, Mark and Peterson, Larry and Rexford, Jennifer},
 title = {In VINI veritas: realistic and controlled network experimentation},
 journal = {SIGCOMM Comput. Commun. Rev.},
 volume = {36},
 number = {4},
 year = {2006},
 issn = {0146-4833},
 pages = {3--14},
 doi = {http://doi.acm.org/10.1145/1151659.1159916},
 publisher = {ACM},
 address = {New York, NY, USA},
 }


@inproceedings{NIMI_SAINTW02,
 author = {Paxson, V. and Adams, A. and Mathis, M.},
 title = {Experiences with NIMI},
 booktitle = {SAINT-W '02: Proceedings of the 2002 Symposium on Applications and the Internet (SAINT) Workshops},
 year = {2002},
 isbn = {0-7695-1450-2},
 pages = {108},
 publisher = {IEEE Computer Society},
 address = {Washington, DC, USA},
 }


@inproceedings{TestbedWANSkew_IMC06,
 author = {Pucha, Himabindu and Hu, Y. Charlie and Mao, Z. Morley},
 title = {On the impact of research network based testbeds on wide-area experiments},
 booktitle = {IMC '06: Proceedings of the 6th ACM SIGCOMM conference on Internet measurement},
 year = {2006},
 isbn = {1-59593-561-4},
 pages = {133--146},
 location = {Rio de Janeriro, Brazil},
 doi = {http://doi.acm.org/10.1145/1177080.1177097},
 publisher = {ACM},
 address = {New York, NY, USA},
 }


@inproceedings{ModelNet_OSDI02,
 author = {Vahdat, Amin and Yocum, Ken and Walsh, Kevin and Mahadevan, Priya and Kosti\'{c}, Dejan and Chase, Jeff and Becker, David},
 title = {Scalability and accuracy in a large-scale network emulator},
 booktitle = {OSDI '02: Proceedings of the 5th symposium on Operating systems design and implementation},
 year = {2002},
 pages = {271--284},
 location = {Boston, Massachusetts},
 doi = {http://doi.acm.org/10.1145/1060289.1060315},
 publisher = {ACM},
 address = {New York, NY, USA},
 }



@inproceedings{mainwaring2002wireless,
 author = {Mainwaring, Alan and Culler, David and Polastre, Joseph and Szewczyk, Robert and Anderson, John},
 title = {Wireless sensor networks for habitat monitoring},
 booktitle = {WSNA '02: Proceedings of the 1st ACM international workshop on Wireless sensor networks and applications},
 year = {2002},
 isbn = {1-58113-589-0},
 pages = {88--97},
 location = {Atlanta, Georgia, USA},
 doi = {http://doi.acm.org/10.1145/570738.570751},
 publisher = {ACM},
 address = {New York, NY, USA},
 }

@conference{balazinska2003characterizing,
  title={{Characterizing mobility and network usage in a corporate wireless local-area network}},
  author={Balazinska, M. and Castro, P.},
  booktitle={Proceedings of the 1st international conference on Mobile systems, applications and services},
  pages={303--316},
  year={2003},
  organization={ACM New York, NY, USA}
}


@article{zeng1998glomosim,
 author = {Zeng, Xiang and Bagrodia, Rajive and Gerla, Mario},
 title = {GloMoSim: a library for parallel simulation of large-scale wireless networks},
 journal = {SIGSIM Simul. Dig.},
 volume = {28},
 number = {1},
 year = {1998},
 issn = {0163-6103},
 pages = {154--161},
 doi = {http://doi.acm.org/10.1145/278009.278027},
 publisher = {ACM},
 address = {New York, NY, USA},
 }



@article{breslau2000advances,
author = {Lee Breslau and Deborah Estrin and Kevin Fall and Sally Floyd and John Heidemann and Ahmed Helmy and Polly Huang and Steven McCanne and Kannan Varadhan and Ya Xu and Haobo Yu},
title = {Advances in Network Simulation},
journal ={Computer},
volume = {33},
number = {5},
issn = {0018-9162},
year = {2000},
pages = {59-67},
doi = {http://doi.ieeecomputersociety.org/10.1109/2.841785},
publisher = {IEEE Computer Society},
address = {Los Alamitos, CA, USA},
}




@Misc{PlMan,
  key =          "PlMan",
  title =        "{Planetary Scale Control Plane}",
  note =         "{\url{http://www.cs.washington.edu/research/networking/cplane/}}",
}





@conference{park2004codns,
  title={{CoDNS: improving DNS performance and reliability via cooperative lookups}},
  author={Park, K.S. and Pai, V.S. and Peterson, L. and Wang, Z.},
  booktitle={Proceedings of the 6th conference on Symposium on Operating Systems Design \& Implementation},
  year={2004},
  organization={USENIX Association Berkeley, CA, USA}
}


@article{park2006comon,
 author = {Park, KyoungSoo and Pai, Vivek S.},
 title = {CoMon: a mostly-scalable monitoring system for PlanetLab},
 journal = {SIGOPS Oper. Syst. Rev.},
 volume = {40},
 number = {1},
 year = {2006},
 issn = {0163-5980},
 pages = {65--74},
 doi = {http://doi.acm.org/10.1145/1113361.1113374},
 publisher = {ACM},
 address = {New York, NY, USA},
 }


@Misc{seash,
  key =          "seash",
  title =        "{Seash: The Seattle Shell -- Seattle -- Trac}",
  note =         "{\url{https://seattle.poly.edu/wiki/SeattleShell}}",
}


@Misc{overlord,
  key =          "overlord",
  title =        "{Overlord Deployment and Monitoring Library}",
  note =         "{\url{https://seattle.poly.edu/wiki/Libraries/Overlord}}",
}


@Misc{shims,
  key =          "shims",
  title =        "{Using Shims  -- Seattle -- Trac}",
  note =         "{\url{https://affix.poly.edu/}}",
}


@Misc{whefs,
  key =          "whefs",
  title =        "{whefs -- Project Hosting on Google Code}",
  note =         "{\url{http://code.google.com/p/whefs/}}",
}

@Misc{Zenodotus,
  key =          "Zenodotus",
  title =        "{Zenodotus -- Seattle -- Trac}",
  note =         "{\url{https://seattle.poly.edu/wiki/zenodotus}}",
}

@Misc{seattle-android,
  key =          "seattle-android",
  title =        "{Seattle Testbed on Android}",
  note =         "{\url{https://play.google.com/store/apps/details?id=com.seattleonandroid}}",
}


@Misc{seattleonandroid,
  key =          "seattleonandroid",
  title =        "{Seattle on Android -- Seattle -- Trac}",
  note =         "{\url{https://seattle.poly.edu/wiki/SeattleOnAndroid}}",
}

@Misc{sensor-panel,
  key =          "sensor-panel",
  title =        "{Appropriate Sensor Data Use Panel}",
  note =         "{\url{https://seattlesensors.poly.edu/wiki/AppropriateUsePanel/}}",
}


@Misc{seattle-sensor-git,
  key =          "seattle-sensor-git",
  title =        "{Sensorium, GitHub}",
  note =         "{\url{https://github.com/fmetzger/android-sensorium}}",
}

@Misc{dashboard-android,
  key =          "dashboard-android",
  title =        "{Platform Versions}",
  note =         "{\url{http://developer.android.com/about/dashboards/index.html}}",
}



@article{lena2002elemental,
  title={Elemental carbon and PM (2.5) levels in an urban community heavily impacted by truck traffic.},
  author={Lena, T Suvendrini and Ochieng, Victor and Carter, Majora and Holgu{\'\i}n-Veras, Jos{\'e} and Kinney, Patrick L},
  journal={Environmental Health Perspectives},
  volume={110},
  number={10},
  pages={1009},
  year={2002},
  publisher={National Institute of Environmental Health Science}
}


@inproceedings{choffnes2010crowdsourcing,
  title={Crowdsourcing service-level network event monitoring},
  author={Choffnes, D.R. and Bustamante, F.E. and Ge, Z.},
  booktitle={ACM SIGCOMM Computer Communication Review},
  volume={40},
  number={4},
  pages={387--398},
  year={2010},
  organization={ACM}
}

@article{rhea2005opendht,
  title={{OpenDHT: A public DHT service and its uses}},
  author={Rhea, S. and Godfrey, B. and Karp, B. and Kubiatowicz, J. and Ratnasamy, S. and Shenker, S. and Stoica, I. and Yu, H.},
  journal={ACM SIGCOMM Computer Communication Review},
  volume={35},
  number={4},
  pages={73--84},
  year={2005},
  publisher={ACM New York, NY, USA}
}


@article{deutsch1988richards,
  title={{Richards benchmark}},
  author={Deutsch, L.P.},
  journal={Personal communication},
  note = "{\url{http://research.sun.com/people/mario/java_benchmarking/}}",
  year={1988}
}



@article{wheeler-sloccount,
  title={{SLOCCount}},
  author={Wheeler, D.A.},
  journal="{Available from \url{http://www.dwheeler.com/sloccount}}"
}


@article{best2003analyzing,
  title={{Analyzing code coverage with gcov}},
  author={Best, S.},
  journal={Linux Magazine},
  pages={43--50},
  year={2003}
}


@conference{reis-detecting,
  title={{Detecting in-flight page changes with web tripwires}},
  author={Reis, C. and Gribble, S.D. and Kohno, T. and Weaver, N.C.},
  booktitle={Proc. 5th USENIX NSDI}
}


@article{lamport2001paxos,
  title={{Paxos made simple}},
  author={Lamport, L.},
  journal={ACM SIGACT News},
  volume={32},
  number={4},
  pages={18--25},
  year={2001}
}


@Misc{containmentseattle,
  key =          "containmentseattle",
  title =        "{ContainmentInSeattle -- Seattle -- Trac}",
  author=         {Cosmin Barsan and Justin Cappos},
  note =         "{\url{https://seattle.poly.edu/wiki/ContainmentInSeattle}}",
}



@misc{lepreau-utah,
  title={{The Utah Emulab Network Testbed}},
  author={Lepreau, J.}
}

@inproceedings{mashtizadeh2013replication,
  title={Replication, history, and grafting in the Ori file system},
  author={Mashtizadeh, Ali Jos{\'e} and Bittau, Andrea and Huang, Yifeng Frank and Mazi{\`e}res, David},
  booktitle={Proceedings of the Twenty-Fourth ACM Symposium on Operating Systems Principles},
  pages={151--166},
  year={2013},
  organization={ACM}
}

@Misc{deltacloud,
  key =          "deltacloud",
  title =        "{Deltacloud | Many Clouds. One API. No Problem.}",
  note =         "{\url{http://deltacloud.org/}}",
}

@conference{howell2008leveraging,
  title={{Leveraging legacy code to deploy desktop applications on the web}},
  author={Howell, J. and Douceur, JR and Elson, J. and Lorch, JR},
  booktitle={Proceedings of the 8th USENIX Symposium on Operating Systems Design and Implementation (OSDI)},
  year={2008}
}

@Misc{FIRE,
  key =          "FIRE",
  title =        "{FIRE: Future Internet Research and Experimentation}",
  note =         "{\url{http://cordis.europa.eu/fp7/ict/fire/}}",
}

@Misc{GENI,
  key =          "GENI",
  title =        "{GENI: Global Environment for Network Innovations}",
  note =         "{\url{http://www.geni.net/}}",
}


@article{bauermeasuring,
  title={Measuring Broadband America},
  author={Bauer, Steven}
}



@Misc{GENI-MillionNode,
  key =          "MillionNodeGENI",
  title =        "{MillionNodeGENI -- GENI: geni -- Trac}",
  note =         "{\url{http://groups.geni.net/geni/wiki/MillionNodeGENI}}",
}


@conference{simpson2006empirical,
  title={{Empirical models of TCP and UDP end-user network traffic from NETI@ home data analysis}},
  author={Simpson, CR and Reddy, D. and Riley, GF},
  booktitle={Principles of Advanced and Distributed Simulation, 2006. PADS 2006. 20th Workshop on},
  pages={166--174},
  year={2006}
}


@conference{paxson2002experiences,
  title={{Experiences with NIMI}},
  author={Paxson, V. and Adams, A. and Mathis, M.},
  booktitle={Proceedings of the 2002 Symposium on Applications and the Internet (SAINT) Workshops},
  year={2002},
  organization={IEEE Computer Society Washington, DC, USA}
}

@TechReport{UW-CSE-09-09-02,
   Author       = "Hao Du and David J. St. Hilare",
   Title        = "{Multi-Paxos: An Implementation and Evaluation}",
   Institution  = "Department of Computer Science and Engineering, University of Washington",
   Number       = "UW-CSE-09-09-02",
   Month        = September,
   Year         = 2009
}


@TechReport{UW-CSE-09-09-03,
   Author       = "Tamara Denning",
   Title        = "{PANCAKE: A Central Management Authority for Coordinating a Personal Area Network and Controlling External Access}",
   Institution  = "Department of Computer Science and Engineering, University of Washington",
   Number       = "UW-CSE-09-09-03",
   Month        = September,
   Year         = 2009
}




@TechReport{UW-CSE-09-09-04,
   Author       = "Koos Kleven and Daniel Otero",
   Title        = "{blami: Externalized Parallelism for a Serial Web Server}",
   Institution  = "Department of Computer Science and Engineering, University of Washington",
   Number       = "UW-CSE-09-09-04",
   Month        = September,
   Year         = 2009
}


@TechReport{UW-CSE-09-09-05,
   Author       = "Mark Zbikowski and Vince Zanella and Ryan McElroy",
   Title        = "{Paxos Made Experimentally}",
   Institution  = "Department of Computer Science and Engineering, University of Washington",
   Number       = "UW-CSE-09-09-05",
   Month        = September,
   Year         = 2009
}




@inproceedings{Soroush:2009,
Author = { Hamed Soroush and Nilanjan Banerjee and Aruna Balasubramanian and Mark D. Corner and Brian Neil Levine and Brian Lynn},
Booktitle = {Proc. ACM Intl. Workshop on Hot Topics of Planet-Scale Mobility Measurements (HotPlanet)},
Keywords = {Mobile Testbed, Wireless, DTN},
Month = {June},
Sponsors = {CNS-0519881, CNS-0447877},
Techreport_Url = {http://www.cs.umass.edu/publication/docs/2009/UM-CS-2009-023.pdf},
Title = {{DOME: A Diverse Outdoor Mobile Testbed}},
Url = {http://prisms.cs.umass.edu/brian/pubs/soroush.hotplanet09.pdf},
Year = {2009},
Bdsk-Url-1 = {http://prisms.cs.umass.edu/brian/pubs/soroush.hotplanet09.pdf}
}


@article{Seattle_SIGCSE09,
 author = {Cappos, Justin and Beschastnikh, Ivan and Krishnamurthy, Arvind and Anderson, Tom},
 title = {Seattle: a platform for educational cloud computing},
 journal = {SIGCSE Bull.},
 volume = {41},
 number = {1},
 year = {2009},
 issn = {0097-8418},
 pages = {111--115},
 doi = {http://doi.acm.org/10.1145/1539024.1508905},
 publisher = {ACM},
 address = {New York, NY, USA},
 }


@inproceedings{SPLAY_NSDI09,
 author = {Leonini, Lorenzo and Rivi\`{e}re, \'{E}tienne and Felber, Pascal},
 title = {SPLAY: distributed systems evaluation made simple (or how to turn ideas into live systems in a breeze)},
 booktitle = {NSDI'09: Proceedings of the 6th USENIX symposium on Networked systems design and implementation},
 year = {2009},
 pages = {185--198},
 location = {Boston, Massachusetts},
 publisher = {USENIX Association},
 address = {Berkeley, CA, USA},
 }
 
 
 @inproceedings{DASU_NSDI13,
 author = {Sanchez, Mario A. and Otto, John S. and Bischof, Zachary S. and Choffnes, David R. and Bustamante, Fabian and Krishnamurthy, Balachander and Walter, Willinger},
 title = {Dasu: Pushing Experiments to the Internet's Edge},
 booktitle = {NSDI'13: Proceedings of the 10th USENIX symposium on Networked systems design and implementation},
 year = {2013},
 publisher = {USENIX Association},
 address = {Berkeley, CA, USA},
 }


@conference{killian2007mace,
  title={{Mace: language support for building distributed systems}},
  author={Killian, C.E. and Anderson, J.W. and Braud, R. and Jhala, R. and Vahdat, A.M.},
  booktitle={Proceedings of the 2007 ACM SIGPLAN conference on Programming language design and implementation},
  pages={179--188},
  year={2007},
  organization={ACM New York, NY, USA},
}


@InProceedings{Loo_SOSP_2005,
   Author       = "Boon Thau Loo and Tyson Condie and Joseph Hellerstein and Petros Maniatis and Timothy Roscoe and Ion Stoica",
   Title        = "{Implementing Declarative Overlays}",
   Booktitle    = SOSP_2005,
   Address      = SOSP_2005_ADDR,
   Month        = OCTOBER,
   Year         = 2005,
}

@INPROCEEDINGS{Rafe1109:Exploring,
AUTHOR="Albert Rafetseder and Florian Metzger and David Stezenbach and Kurt
Tutschku",
TITLE="Exploring {YouTube's} Content Distribution Network Through Distributed
{Application-Layer} Measurements: A First View",
BOOKTITLE="International Workshop on Modeling, Analysis, and Control of Complex
Networks (Cnet 2011)",
ADDRESS="San Francisco, USA",
DAYS=9,
MONTH=sep,
YEAR=2011,
KEYWORDS="CDNs, YouTube, Application-Layer Measurements, Traffic Engineering"
}

@INPROCEEDINGS{Tuts1010:Sustained,
AUTHOR="Kurt Tutschku and Albert Rafetseder and Jochen Eisl and Werner Wiedermann",
TITLE="Towards Sustained Multi Media Experience in the Future Mobile Internet",
BOOKTITLE="2010 14th International Conference on Intelligence in Next Generation
Networks (ICIN) - Weaving Applications into the Network Fabric (ICIN 2010)",
ADDRESS="Berlin, Germany",
DAYS=11,
MONTH=oct,
YEAR=2010,
KEYWORDS="Future Internet; Mobile; Services; LTE"
}


@Misc{SeattleClearinghouse,
  key =          "SeattleClearinghouse",
  title =        "{Seattle Clearinghouse}",
  note =         "{\url{https://seattleclearinghouse.poly.edu}}",
}


@inproceedings{muhammad2012towards,
  title={Towards a Representive Testbed: Harnessing Volunteers for Networks Research},
  author={Muhammad, Monzur and Cappos, Justin},
  booktitle={The First GENI Research and Educational Workshop, GENI},
  volume={12},
  year={2012}
}


@inproceedings{bai2009spatio,
  title={Spatio-temporal variations of vehicle traffic in VANETs: facts and implications},
  author={Bai, Fan and Krishnamachari, Bhaskar},
  booktitle={Proceedings of the sixth ACM international workshop on VehiculAr InterNETworking},
  pages={43--52},
  year={2009},
  organization={ACM}
}



@article{wisitpongphan2007routing,
  title={Routing in sparse vehicular ad hoc wireless networks},
  author={Wisitpongphan, Nawaporn and Bai, Fan and Mudalige, Priyantha and Sadekar, Varsha and Tonguz, Ozan},
  journal={Selected Areas in Communications, IEEE Journal on},
  volume={25},
  number={8},
  pages={1538--1556},
  year={2007},
  publisher={IEEE}
}


@Misc{PythonVsRepy,
  key =          "PythonVsRepy",
  title =        "All of the Python You Need to Forget to Use Repy",
  note =         "{\url{https://seattle.poly.edu/wiki/PythonVsRepy}}",
}

@inproceedings{Cappos_CCS_10,
 author = {Cappos, Justin and Dadgar, Armon and Rasley, Jeff and Samuel, Justin and Beschastnikh, Ivan and Barsan, Cosmin and Krishnamurthy, Arvind and Anderson, Thomas},
 title = {Retaining sandbox containment despite bugs in privileged memory-safe code},
 booktitle = {Proceedings of the 17th ACM conference on Computer and communications security},
 series = {CCS '10},
 year = {2010},
 isbn = {978-1-4503-0245-6},
 location = {Chicago, Illinois, USA},
 pages = {212--223},
 numpages = {12},
 url = {http://doi.acm.org/10.1145/1866307.1866332},
 doi = {http://doi.acm.org/10.1145/1866307.1866332},
 acmid = {1866332},
 publisher = {ACM},
 address = {New York, NY, USA},
 keywords = {containment, layering, sandbox},
} 




@Misc{CodeStyleGuidelines,
  key =          "CodeStyleGuidelines",
  title =        "CodingStyle -- Seattle",
  note =         "{\url{https://seattle.poly.edu/wiki/CodingStyle}}",
}


@Misc{Django,
  key =          "Django",
  title =        "Django | The Web framework for perfectionists with deadlines",
  note =         "{\url{https://www.djangoproject.com/}}",
}



@Misc{Trac,
  key =          "Trac",
  title =        "The Trac Project",
  note =         "{\url{http://trac.edgewall.org/}}",
}

@Misc{NaCl,
  key =          "NaCl",
  title =        "Google Native Client",
  note =         "{\url{http://code.google.com/p/nativeclient/}}",
}


@Misc{ContinuousBuild,
  key =          "ContinuousBuild -- Seattle",
  title =        "ContinuousBuild -- Seattle",
  note =         "{\url{https://seattle.poly.edu/wiki/Local/ContinuousBuild}}",
}


@Misc{TakeHomeAssignment,
  key =          "TakeHomeAssignment -- Seattle",
  title =        "TakeHomeAssignment -- Seattle",
  note =         "{\url{https://seattle.poly.edu/wiki/EducationalAssignments/TakeHome}}",
}

@Misc{GENI-MillionNode-Site,
  key =          "GENI-MillionNode",
  title =        "Million-Node GENI: Rapid Prototyping Progress",
  note =         "{\url{http://www.geni.net/?p=1796}}",
}



@Misc{SIGCOMMEducational,
  key =          "ACM SIGCOMM Educational Resources",
  title =        "ACM SIGCOMM Educational Resources",
  note =         "{\url{http://edusigcomm.info.ucl.ac.be/}}",
}




@ARTICLE{Eisl1010:Service,
AUTHOR="Jochen Eisl and Albert Rafetseder and Kurt Tutschku",
TITLE="Service Architectures for the Future Converged Internet: Specific
challenges and possible solutions for mobile broad-band traffic management",
JOURNAL="Advances in Next Generation Services and Service Architectures",
ADDRESS=", USA",
DAYS=15,
MONTH=oct,
YEAR=2010,
ABSTRACT="As mobile broadband access enters into widespread use, the Internet
Protocol (IP) acts as the common denominator among the different types of
access, transport and backbone networks. Beside the significant steady
growth of generated traffic volume, operators face the challenges to deal
with unpredictable traffic patterns and unbalanced load conditions in their
networks. The traffic-agnostic properties of IP communication have
different effects for the different types of networks: In contrast to
traditional IP networks with 802.X MAC layer, cellular access networks
include lower-level mechanisms (such as the bearer con-cept) that enables
Quality of Service (QoS) enforcement on IP flows to control the usability
of services. Hence user experience can be optimized according to
subscription details and associated policies. Due to these inherent
architectural characteristics of mobile broadband access and specific
vulnerabilities to certain user applications and load conditions, we focus
our interest on the next generation of cellular access, denoted as evolved
packet system (EPS). A traffic handling mechanism complementary to QoS can
be realized with a mediator, that provides information about favourable
peers (such as studied also within Internet Engi-neering Task Force â€“
IETF as part of the 'Aplication Layer Traffic Optimization â€“ ALTO Working
Group). The exploitation and combination of various information available
on us-ers, applications, network status etc., can contribute even more to
intelligent and configur-able measures for traffic optimization. In this
sense we propose the extension of the media-tor concept. The Resource
Information Service (RIS) is a traffic management concept using layer
cooperation that (1), assists applications in the selection of peering
network nodes, (2), takes into account pricing policies, quality
requirements, and access rights as provided by the MNO, (3), interfaces to
various underlying wireless and wired access networks to indicate traffic
demand and properties, gather information on topology changes, and issue
reconfiguration commands where possible, (4), can join a federation of
other RIS instances from external administrative domains to enable
efficient traffic handling regardless of do-main boundaries. We present a
choice of innovative traffic management mechanisms applicable for different
layers of the network architecture and adapt this concept to the evolved
packet system. For demonstration purpose of the RIS concept for traffic
management , we make use of Seattle, which enables a virtual testbed, with
several distributed collaborative nodes in the Internet."
}



@techreport{DOR,
 author = {Kahn, Robert E. and Lyons, Patrice A.},
 title = {Representing Value as Digital Objects: A Discussion of Transferability and Anonymity},
 year = {2001},
 source = {http://www.ncstrl.org:8900/ncstrl/servlet/search?formname=detail\&id=oai%3Ancstrlh%3Acnri_dlib%3Acnri.dlib%2F%2Fmay2001-kahn},
 publisher = {Corporation for National Research Initiatives},
} 


@MISC{Storkwebpage,
  title = {Stork Project},
  note = {{\url{http://www.cs.arizona.edu/stork/}}},
  key = {Storkwebpage}
}


@PHDTHESIS{Cappos_Dissertation,
  author = {Justin Cappos},
  title = {"Stork: Secure Package Management for VM Environments."},
  school = {University of Arizona},
  year = {2008},
  address = {Tucson AZ, USA},
  month = {May}
}


@MISC{Seattlewebpage,
  title = {Seattle},
  note = {{\url{https://seattle.poly.edu/}}},
  key = {Seattlewebpage}
}


@MISC{Lind,
  title = {Lind: Secure Lightweight Cloud Computing},
  note = {{\url{https://seattle.poly.edu/wiki/Lind}}},
  key = {Lind}
}


@MISC{euroview,
  author = {Justin Cappos},
  title = {How To Make Your Testbed Grow: Driving Testbed Growth Through Open Participation},
  note = {{\url{http://www.euroview2012.org/fileadmin/content/euroview2012/abstracts/05_03_abstract_cappos.pdf}}},
  key = {euroview}
}


@INPROCEEDINGS{Samuel_CCS_10,
  author = {Justin Samuel and Nick Mathewson and Justin Cappos and Roger Dingledine},
  title = {{Survivable Key Compromise in Software Update Systems}},
  booktitle = {The 17th ACM Conference on Computer and Communications
        Security (CCS '10)},
  year = {2010},
  publisher = {ACM},
  location = {Chicago, IL}
}

@ARTICLE{Samuel_login_09,
  author = {Justin Samuel and Justin Cappos},
  title = {{Package Managers Still Vulnerable: How To Protect Your Systems}},
  journal = {;login: Magazine},
  year = {2009},
  month = {Feb}
}


@inproceedings{siebert2004hybrid,
  title={Hybrid information system [3G/WLAN intersystem cooperation]},
  author={Siebert, Matthias and Lott, Matthias and Schinnenburg, Marc and G{\"o}bbels, Stephan},
  booktitle={Vehicular Technology Conference, 2004. VTC 2004-Spring. 2004 IEEE 59th},
  volume={5},
  pages={2982--2986},
  year={2004},
  organization={IEEE}
}


@INPROCEEDINGS{Cappos_CCS_08,
  author = {Justin Cappos and Justin Samuel and Scott Baker and John Hartman},
  title = {A Look in the Mirror: Attacks on Package Managers},
  booktitle = {Proc.\ 15th ACM Conference on Computer and Communications Security
        (CCS '08)},
  year = {2008},
  pages = {565--574},
  address = {New York, NY, USA},
  publisher = {ACM},
  location = {Alexandria, Virginia}
}


@InProceedings{Cappos_LISA_07,
   Author       = "Justin Cappos and Scott Baker and Jeremy Plichta and
                   Duy Nyugen and Jason Hardies and Matt Borgard and Jeffry
                   Johnston and John Hartman",
   Title        = "{Stork: Package Management for Distributed VM Environments}",
   Booktitle    = LISA_2007,
   Address      = LISA_2007_ADDR,
   Year         = 2007
}



@InProceedings{Muir_USENIX_05,
  author =       "Steve Muir and Larry Peterson and Marc Fiuczynski
                  and Justin Cappos and John Hartman",
  title =        "{Proper: Privileged Operations in a Virtualised
                  System Environment}",
  booktitle =    USENIX_2005,
  address =      USENIX_2005_ADDR,
  year =         2005,
  month =        APRIL,
}



@article{Samuel_login_2008,
 author = "Justin Samuel and Jeremy Plichta and Justin Cappos",
 title = "{Centralized Package Management Using Stork}",
 journal = {To appear in ;login:},
 year = 2008,
 month = FEBRUARY,
 }



@Book{Kurose_Ross_Book,
   Author       = "James F Kurose and Keith W Ross",
   Title        = "{Computer Networking: A Top-Down Approach Featuring the Internet}",
   Publisher    = "Addison-Wesley",
   Year         = 2013
}


@incollection{cs2883,
          author = {J. Eisl and A. Rafetseder and K. Tutschku},
          series = {Series in Communication},
       booktitle = {Future Internet Services and Service Architectures},
         address = {Aalberg, Denmark},
           title = {Service Architectures for the Future Converged Internet: Specific Challenges and Possible Solutions for Mobile Broad-Band Traffic Management},
       publisher = {River Publishers},
           pages = {49--72},
            year = {2011},
             url = {http://eprints.cs.univie.ac.at/2883/}
}

@inproceedings{cs2884,
           month = {October},
          author = {K. Tutschku and A. Rafetseder and W. Wiedermann and J. Eisl},
          series = { },
       booktitle = {14th International Conference on Intelligence in Next Generation Networks (ICIN)},
         address = {Berlin},
           title = {Towards Sustained Multi Media Experience in the Future Mobile Internet},
       publisher = {IEEE},
            year = {2010},
           pages = {1--6},
             url = {http://eprints.cs.univie.ac.at/2884/},
        abstract = {High quality and sustained multi media experience is expected to be a major feature of the Future Mobile Internet (FMI). Currently deployed novel mobile network technologies such as LTE (Long Term Evolution) make use of the Internet and its best-effort TCP?IP protocol stack to enable applications. The orientation towards TCP?IP is logical due to the success of the Internet. However, TCP?IP still provides almost no support for Quality of Service (QoS). Hence, it seams to be a contradiction that high quality services can be reached by TCP?IP. In this contribution, we discuss recent advances for sustained high quality multi media experience in FMI. Therefore, we first cast some new lights on the achievement in video streaming. We review the LTE and EPS (Evolved Packet System) architecture of the anticipated FMI, and discuss particularly the concept of bearers, which is also used an abstraction for QoS support. Subsequently, we introduce new network concepts which might contribute to improved QoS and performance management in the FMI such as flow-based QoS enforcement in routers, Network Virtualization, and Network Federation. Based on this analysis, we develop an initial service for supporting improved flow management for video streaming service in the FMI. Finally, we outline how flow management can improve the quality of videos, but outline also what happens if inappropriate flow switching mechanisms are applied}
}

@inproceedings{cs2899,
       booktitle = {1st International Workshop on Modeling, Analysis, and Control of Complex Networks, Co-located with 23rd International Teletraffic Congress (ITC)},
           title = {Exploring YouTube's Content Distribution Network Through Distributed Application-Layer Measurements: A First View
},
          author = {A. Rafetseder and F. Metzger and D. Stezenbach and K. Tutschku},
         address = {San Francisco},
            year = {2011},
             url = {http://eprints.cs.univie.ac.at/2899/}
}



@MISC{ripe,
  title = {RIPE Atlas active Internet measurement sytem},
  note = {{\url{https://atlas.ripe.net/}}},
  key = {RIPE Atlas}
}


@MISC{samknows-www,
  title = {SamKnows -- Accurate broadband performance information for consumers, governments and ISPs},
  note = {{\url{http://www.samknows.com/}}},
  key = {SamKnows}
}


@MISC{fcc,
  title = {Federal Communications Commission},
  note = {{\url{http://www.fcc.gov/}}},
  key = {FCC}
}



@MISC{motelab-www,
  title = {MoteLab Harvard Sensor Network Testbed},
  note = {{\url{http://motelab.eecs.harvard.edu/}}},
  key = {MoteLab}
}




@MISC{openwrt-www,
  title = {OpenWrt. Wireless Freedom.},
  note = {{\url{https://openwrt.org/}}},
  key = {OpenWrt}
}



@MISC{openwrt-cpu,
  title = {The CPU aka the Core -- OpenWrt Wiki},
  note = {{\url{http://wiki.openwrt.org/doc/hardware/cpu}}},
  key = {OpenWrt CPUs}
}



@MISC{ddwrt-www,
  title = {DD-WRT: a Linux based alternative OpenSource firmware for WLAN routers and embedded systems.},
  note = {{\url{http://www.dd-wrt.com}}},
  key = {DD-WRT}
}



@MISC{osgi-www,
  title = {The OSGi Alliance},
  note = {{\url{http://www.osgi.org/}}},
  key = {OSGi}
}



@MISC{hgi-www,
  title = {The Home Gateway Initiative},
  note = {{\url{http://www.homegatewayinitiative.org/}}},
  key = {HGI}
}



@article{Zhuang_GREE_2013,
  title={Experience with Seattle: A Community Platform for Research and Education},
  author={Zhuang, Yanyan and Rafetseder, Albert and Cappos, Justin},
 	month = mar,
	year = {2013},
	journal = {2nd GENI Research and Educational Experiment Workshop (GREE'13), Salt Lake City}
}



@misc{rfc1122,
  author="R. Braden",
  title="{Requirements for Internet Hosts - Communication Layers}",
  series="Request for Comments",
  number="1122",
  howpublished="RFC 1122 (Standard)",
  publisher="IETF",
  organization="Internet Engineering Task Force",
  year=1989,
  month=oct,
    note="Updated by RFCs 1349, 4379",
  url="http://www.ietf.org/rfc/rfc1122.txt",
}




@Techreport{rfc4116,
  author = "J. Abley and K. Lindqvist and E. Davies and B. Black and V. Gill",
  title = "{IPv4 Multihoming Practices and Limitations}",
  type = "RFC",
  institution = "Internet Engineering Task Force",
  number = 4116,
  days = 15,
  month = jul,
  year = 2005,
  url = "http://tools.ietf.org/html/rfc4116",
}


@misc{rfc4177,
  author="G. Huston",
  title="{Architectural Approaches to Multi-homing for IPv6}",
  series="Request for Comments",
  number="4177",
  howpublished="RFC 4177 (Informational)",
  publisher="IETF",
  organization="Internet Engineering Task Force",
  year=2005,
  month=sep,
    url="http://www.ietf.org/rfc/rfc4177.txt",
}

@misc{rfc4219,
  author="E. Lear",
  title="{Things Multihoming in IPv6 (MULTI6) Developers Should Think About}",
  series="Request for Comments",
  number="4219",
  howpublished="RFC 4219 (Informational)",
  publisher="IETF",
  organization="Internet Engineering Task Force",
  year=2005,
  month=oct,
    url="http://www.ietf.org/rfc/rfc4219.txt",
}


@misc{rfc4241,
  author="Y. Shirasaki and S. Miyakawa and T. Yamasaki and A. Takenouchi",
  title="{A Model of IPv6/IPv4 Dual Stack Internet Access Service}",
  series="Request for Comments",
  number="4241",
  howpublished="RFC 4241 (Informational)",
  publisher="IETF",
  organization="Internet Engineering Task Force",
  year=2005,
  month=dec,
    url="http://www.ietf.org/rfc/rfc4241.txt",
}

@misc{rfc6434,
  author="E. Jankiewicz, J. Loughney, T. Narten",
  title="{IPv6 Node Requirements}",
  series="Request for Comments",
  number="6434",
  howpublished="RFC 6434 (Informational)",
  publisher="IETF",
  organization="Internet Engineering Task Force",
  year=2011,
  month=dec,
    url="http://www.ietf.org/rfc/rfc6434.txt",
}




@misc{dlep,
  author="S. Ratliff et al.",
  title="{Dynamic Link Exchange Protocol (DLEP)}",
  series="Internet-Draft",
  number="draft-ietf-manet-dlep-04",
  howpublished="Internet Draft draft-ietf-manet-dlep-04",
  publisher="IETF",
  organization="Internet Engineering Task Force",
  year=2013,
  month=mar,
    note="Work in progress",
  url="http://tools.ietf.org/html/draft-ietf-manet-dlep-04",
}



@MISC{SeattleTalks,
  title = {Seattle Talks},
  note = {{\url{https://seattle.poly.edu/wiki/SeattleTalks}}},
  key = {Seattle Talks}
}



@MISC{Brilliant_10,
  title = {How Justin Cappos Created A New Way To Cloud Compute},
  note = {{\url{http://www.popsci.com/science/article/2013-09/justin-cappos}}},
  key = {Brilliant 10}
}



@inproceedings{khmelevsky2010cloud,
  title={Cloud computing infrastructure prototype for university education and research},
  author={Khmelevsky, Youry and Voytenko, Volodymyr},
  booktitle={Proceedings of the 15th Western Canadian Conference on Computing Education},
  pages={8},
  year={2010},
  organization={ACM}
}


@incollection{schwerdel2012tomato,
  title={ToMaTo-a network experimentation tool},
  author={Schwerdel, Dennis and Hock, David and G{\"u}nther, Daniel and Reuther, Bernd and M{\"u}ller, Paul and Tran-Gia, Phuoc},
  booktitle={Testbeds and Research Infrastructure. Development of Networks and Communities},
  pages={1--10},
  year={2012},
  publisher={Springer}
}


@inproceedings{eittenberger2012doubtless,
  title={Doubtless in seattle: Exploring the internet delay space},
  author={Eittenberger, Philipp M and Gro{\ss}mann, Marcel and Krieger, Udo R},
  booktitle={Next Generation Internet (NGI), 2012 8th EURO-NGI Conference on},
  pages={149--155},
  year={2012},
  organization={IEEE}
}


@inproceedings{metzger2011analysis,
  title={Analysis of web-based video delivery},
  author={Metzger, Florian and Rafetseder, Albert and Stezenbach, David and Tutschku, Kurt},
  booktitle={FITCE Congress (FITCE), 2011 50th},
  pages={1--6},
  year={2011},
  organization={IEEE}
}


@inproceedings{zhuang2012distributed,
  title={Distributed Systems in the Wild: The Theoretical Foundations and Experimental Perspectives},
  author={Zhuang, Yanyan and Tredger, Stephen and Matthews, Chris and McGeer, Rick and Coady, Yvonne},
  booktitle={P2P, Parallel, Grid, Cloud and Internet Computing (3PGCIC), 2012 Seventh International Conference on},
  pages={87--94},
  year={2012},
  organization={IEEE}
}



@inproceedings{tredger2013building,
  title={Building Green Systems with Green Students: An Educational Experiment with GENI Infrastructure},
  author={Tredger, Stephen and Zhuang, Yanyan and Short-Gershman, Chris Matthews Jesse and Coady, Yvonne and McGeer, Rick},
  booktitle={Research and Educational Experiment Workshop (GREE), 2013 Second GENI},
  pages={29--36},
  year={2013},
  organization={IEEE}
}



@Misc{seattle-edu-wiki,
  key =          "{Seattle_Edu_wiki}",
  title =        "{Seattle Educator Portal}",
  note =         "{\url{https://seattle.poly.edu/wiki/EducatorsPage}}",
}

@Misc{seattle-edu-overview,
  key =          "{Seattle_Edu_Overview}",
  title =        "{Seattle in the Classroom}",
  note =         "{\url{https://seattle.poly.edu/html/education.html}}",
}


@Misc{seattle-edu-takehome,
  key =          "{Seattle_Edu_Takehome}",
  title =        "{Seattle Take-Home Assignment}",
  note =         "{\url{https://seattle.poly.edu/wiki/EducationalAssignments/TakeHome}}",
}


@Misc{seattle-edu-saw,
  key =          "{Seattle_Edu_saw}",
  title =        "{Seattle Assignment: Stop-and-Wait Protocol}",
  note =         "{\url{https://seattle.poly.edu/wiki/EducationalAssignments/StopAndWait}}",
}



@Misc{seattle-edu-slidingwindow,
  key =          "{Seattle_Edu_slidingwindow}",
  title =        "{Seattle Assignment: Sliding Window Protocol}",
  note =         "{\url{https://seattle.poly.edu/wiki/EducationalAssignments/SlidingWindow}}",
}



@Misc{seattle-edu-lsr,
  key =          "{Seattle_Edu_lsr}",
  title =        "{Seattle Assignment: Link State Routing}",
  note =         "{\url{https://seattle.poly.edu/wiki/EducationalAssignments/LinkState}}",
}



@Misc{seattle-edu-webserver,
  key =          "{Seattle_Edu_webserver}",
  title =        "{Seattle Assignment: Webserver}",
  note =         "{\url{https://seattle.poly.edu/wiki/EducationalAssignments/WebServer}}",
}



@Misc{seattle-edu-chord,
  key =          "{Seattle_Edu_chord}",
  title =        "{Seattle Assignment: Chord DHT}",
  note =         "{\url{https://seattle.poly.edu/wiki/EducationalAssignments/Chord}}",
}



@Misc{seattle-edu-mapreduce,
  key =          "{Seattle_Edu_mapreduce}",
  title =        "{Seattle Assignment: Map-Reduce}",
  note =         "{\url{https://seattle.poly.edu/wiki/RepyMapReduce}}",
}



@Misc{seattle-edu-seclayer1,
  key =          "{Seattle_Edu_seclayer1}",
  title =        "{Seattle Assignment: Building a Security Layer}",
  note =         "{\url{https://seattle.poly.edu/wiki/EducationalAssignments/SecurityLayerPartOne}}",
}


@Misc{seattle-edu-seclayer2,
  key =          "{Seattle_Edu_seclayer1}",
  title =        "{Seattle Assignment: Security Layer Testing and Penetration}",
  note =         "{\url{https://seattle.poly.edu/wiki/EducationalAssignments/SecurityLayerPartTwo}}",
}



@article{rafetseder2013sensorium,
  author    = {Albert Rafetseder and
               Florian Metzger and
               Lukas P{\"u}hringer and
               Kurt Tutschku and
               Yanyan Zhuang and
               Justin Cappos},
  title     = {Sensorium - A Generic Sensor Framework},
  journal   = {Praxis der Informationsverarbeitung und Kommunikation},
  volume    = {36},
  number    = {1},
  year      = {2013},
  pages     = {46},
  ee        = {http://dx.doi.org/10.1515/pik-2012-0061},
  bibsource = {DBLP, http://dblp.uni-trier.de}
}


@Misc{o3gm,
  key =          "{Open3GMap}",
  title =        "{Open3GMap}",
  note =         "{\url{https://o3gm.cs.univie.ac.at/}}",
}

@Misc{funkfeuer-www,
  key =          "{FunkFeuer}",
  title =        "{FunkFeuer -- Free Net}",
  note =         "{\url{https://funkfeuer.at/}}",
}

@incollection{banerjee2004interdomain,
  title={The interdomain connectivity of PlanetLab nodes},
  author={Banerjee, Suman and Griffin, Timothy G and Pias, Marcelo},
  booktitle={Passive and active network measurement},
  pages={73--82},
  year={2004},
  publisher={Springer}
}

@Misc{confine-www,
  key =          "{CONFINE}",
  title =        "{CONFINE -- Community Networks Testbed for the Future Internet}",
  note =         "{\url{http://confine-project.eu/}}",
}

@Misc{fia-www,
  key =          "{FIA}",
  title =        "{Future Internet Assembly (FIA)}",
  note =         "{\url{http://www.future-internet.eu/home/future-internet-assembly.html}}",
}

@Misc{gec-www,
  key =          "{GEC}",
  title =        "{GENI Engineering Conferences}",
  note =         "{\url{http://www.geni.net/?page_id=157}}",
}

@Misc{xvid-www,
  key =          "{Xvid}",
  title =        "{Xvid Solutions}",
  note =         "{\url{http://www.xvidsolutions.com/}}",
}

@Misc{nsf-cise-committee,
  key =          "{NSF-CISE}",
  title =        "{NSF CISE AC Midscale Infrastructure Committee}",
  note =         "{\url{https://www.nsf.gov/cise/cns/MIC%20report%20May-2013.pdf}}",
}

@inproceedings{privacy-integrated-queries,
author = {Frank McSherry},
title = {Privacy Integrated Queries},
booktitle = {Proceedings of the 2009 ACM SIGMOD International Conference on Management of Data (SIGMOD)},
year = {2009},
month = {June},
abstract = {We report on the design and implementation of the Privacy Integrated Queries (PINQ) platform for privacy-preserving data analysis. PINQ provides analysts with a programming interface to unscrubbed data through a SQL-like language. At the same time, the design of PINQ's analysis language and its careful implementation provide formal guarantees of differential privacy for any and all uses of the platform. PINQ's unconditional structural guarantees require no trust placed in the expertise or diligence of the analysts, substantially broadening the scope for design and deployment of privacy-preserving data analysis, especially by non-experts.
},
publisher = {Association for Computing Machinery, Inc.},
url = {https://www.microsoft.com/en-us/research/publication/privacy-integrated-queries/},
address = {},
pages = {},
journal = {},
volume = {},
chapter = {},
isbn = {},
}



@Misc{wifianalyzer,
  key =          "WiFiAnalyzer",
  title =        "{Optimize your WiFi network using WiFi Analyzer (open-source) by examining surrounding WiFi networks, measuring their signal strength as well as identifying crowded channels.}",
  note =         "\url{https://play.google.com/store/apps/details?id=com.vrem.wifianalyzer}",
}
