@inproceedings{in-toto-paper,
author = {Torres-Arias, Santiago and Afzali, Hammad and Kuppusamy, Trishank Karthik and Curtmola, Reza and Cappos, Justin},
title = {{in-toto}: Providing Farm-to-Table Guarantees for Bits and Bytes},
year = {2019},
publisher = {USENIX Association},
address = {USA},
booktitle = {Proceedings of the 28th USENIX Conference on Security Symposium},
pages = {1393-1410},
numpages = {18},
}

@MISC{code-signing-minimum-requirements,
      AUTHOR = "{Code Signing Working Group}",
      TITLE = "{Minimum Requirements for the Issuance and Management of Publicly-Trusted Code Signing Certificates}",
      NOTE = "\url{https://casecurity.org/wp-content/uploads/2016/09/Minimum-requirements-for-the-Issuance-and-Management-of-code-signing.pdf}",
      Year = "2016",
      Month = "September",
      Day = "22",
}

@MISC{acme-standard,
      AUTHOR = "{ACME Working Group}",
      TITLE = "{Automatic Certificate Management Environment (ACME)}",
      NOTE = "\url{https://ietf-wg-acme.github.io/acme/draft-ietf-acme-acme.html}",
      Year = "2019",
      Month = "September",
      Day = "1",
}


@MISC{binary-transparency,
      TITLE = "{Security/Binary Transparency}",
      NOTE = "\url{https://wiki.mozilla.org/Security/Binary_Transparency}",
}

@misc{certificate-transparency,
  title = "{Certificate Transparency}",
  howpublished = "\url{https://certificate.transparency.dev/}"
}

@misc{general-transparency-trillian,
  title = "{Trillian: General Transparency}",
  howpublished = "\url{https://github.com/google/trillian}"
}

@misc{lets-encrypt,
  title = "{Let's Encrypt}",
  howpublished = "\url{https://letsencrypt.org/}",
  note = "Retrieved on July 20, 2020",
}

@misc{lets-encrypt-billion-certs,
  title = "{Let's Encrypt Has Issued a Billion Certificates}",
  howpublished = "\url{https://letsencrypt.org/2020/02/27/one-billion-certs.html}",
  year = "2020",
  month = "February",
  day = "20",
}

@misc{Datadog_TUF_Blog,
  title = "{Secure Publication of Datadog Agent Integrations with TUF and in-toto}",
  howpublished = "\url{https://www.datadoghq.com/blog/engineering/secure-publication-of-datadog-agent-integrations-with-tuf-and-in-toto/}",
  year = "2019",
  month = "June",
  day = "3",
}

@misc{PyPI,
  title = "{The Python Package Index (PyPI)}",
  howpublished = "\url{https://pypi.org/}"
}

@misc{rubygems,
  title = "{RubyGems}",
  howpublished = "\url{https://rubygems.org/}"
}

@misc{npm,
  title = "{Node package manager}",
  howpublished = "\url{https://www.npmjs.com/}"
}

@misc{github,
  title = "{GitHub}",
  howpublished = "\url{https://github.com/}"
}

@inproceedings{cosi16,
author = {E. Syta and I. Tamas and D. Visher and D.~I. Wolinsky and P. Jovanovic and L. Gasser and N. Gailly and I. Khoffi and B. Ford},
title = {{Keeping Authorities ``Honest or Bust'' with Decentralized Witness Cosigning}},
year = {2016},
publisher = {IEEE},
booktitle = {Proceedings of the 37th IEEE Symposium on Security and Privacy},
}

@inproceedings{ifip-sec-19,
author = {S. Vaidya and S. Torres-Arias and R. Curtmola and J. Cappos},
title = {{Commit Signatures for Centralized Version Control Systems}},
year = {2019},
publisher = {IFIP},
booktitle = {Proceedings of the 34th International Conference on ICT Systems Security and Privacy Protection (IFIP SEC)},
}

@inproceedings{le-git-imate,
author = {H. Afzali and S. Torres-Arias and R. Curtmola and J. Cappos},
title = {{le-git-imate: Towards Verifiable Web-based Git Repositories}},
year = {2018},
publisher = {ACM},
booktitle = {Proc. of The 13th ACM Asia Conference on Computer \& Communications Security (ACM ASIACCS)},
}

@article{le-git-imate-journal,
  title={Towards Adding Verifiability to Web-based Git Repositories},
  author={H. Afzali and S. Torres-Arias and R. Curtmola and J. Cappos},
  journal={Journal of Computer Security (JCS)},
  volume={28},
  number={4},
  pages={405--436},
  year={2020},
  publisher={IOS Press}
}

@inproceedings{SUM16,
author = {Jeffrey Spaulding and Shambhu J. Upadhyaya and Aziz Mohaisen},
title = {{The Landscape of Domain Name Typosquatting: Techniques and Countermeasures}},
year = {2016},
booktitle = {Proc. of the 11th International Conference on Availability, Reliability and Security (ARES)},
}

@inproceedings{KHLK15,
author = {Mohammad Taha Khan and Xiang Huo and Zhou Li and Chris Kanich},
title = {{Every Second Counts: Quantifying the Negative Externalities of Cybercrime via Typosquatting}},
year = {2015},
publisher = {IEEE},
booktitle = {Proc. of the 2015 IEEE Symposium on Security and Privacy},
}

@inproceedings{Wang2006StriderTD,
  title={Strider Typo-Patrol: Discovery and Analysis of Systematic Typo-Squatting},
  author={Yi-Min Wang and Doug Beck and J. Wang and Chad Verbowski and B. Daniels},
  booktitle={Proc. of the 2nd Workshop on Steps to Reducing Unwanted Traffic on the Internet},
  year={2006}
}

@inproceedings{szurdi14,
author = {Szurdi, Janos and Kocso, Balazs and Cseh, Gabor and Spring, Jonathan and Felegyhazi, Mark and Kanich, Chris},
title = {The Long "Taile" of Typosquatting Domain Names},
year = {2014},
publisher = {USENIX Association},
address = {USA},
booktitle = {Proceedings of the 23rd USENIX Conference on Security Symposium},
pages = {191?206},
}

@inproceedings{Agten2015SevenMW,
  title={Seven Months' Worth of Mistakes: A Longitudinal Study of Typosquatting Abuse},
  author={Pieter Agten and W. Joosen and F. Piessens and N. Nikiforakis},
  booktitle={Proc. of the 2015 Network and Distributed System Security Symposium (NDSS)},
  year={2015}
}

@inproceedings{NVMDPJ13,
author = {Nikiforakis, Nick and Van Acker, Steven and Meert, Wannes and Desmet, Lieven and Piessens, Frank and Joosen, Wouter},
title = {Bitsquatting: Exploiting Bit-Flips for Fun, or Profit?},
year = {2013},
publisher = {Association for Computing Machinery},
address = {New York, NY, USA},
booktitle = {Proceedings of the 22nd International Conference on World Wide Web},
pages = {989--998},
}

@inproceedings{nikiforakis2014soundsquatting,
title="Soundsquatting: Uncovering the Use of Homophones in Domain Squatting",
author="Nick {Nikiforakis} and Marco {Balduzzi} and Lieven {Desmet} and Frank {Piessens} and Wouter {Joosen}",
booktitle="Proc. of the 17th International Conference on Information Security (ISC 2014).",
pages="291--308",
year="2014"
}

@inproceedings{SNM17,
author = {Spaulding, Jeffrey and Nyang, DaeHun and Mohaisen, Aziz},
title = {Understanding the Effectiveness of Typosquatting Techniques},
year = {2017},
publisher = {Association for Computing Machinery},
address = {New York, NY, USA},
booktitle = {Proceedings of the Fifth ACM/IEEE Workshop on Hot Topics in Web Systems and Technologies},
numpages = {8},
}

@misc{hyperledger,
  title = "{Hyperledger}",
  howpublished = "\url{https://www.hyperledger.org/}"
}

@misc{hyperledger-fabric,
  title = "{Hyperledger Fabric}",
  howpublished = "\url{https://www.hyperledger.org/use/fabric}"
}

@misc{hyperledger-fabric-code,
  title = "{Hyperledger Fabric (code)}",
  howpublished = "\url{https://github.com/hyperledger/fabric}"
}

@misc{hyperledger-burrow,
  title = "{Hyperledger Burrow}",
  howpublished = "\url{https://www.hyperledger.org/use/hyperledger-burrow}"
}

@misc{hyperledger-burrow-code,
  title = "{Hyperledger Burrow (code)}",
  howpublished = "\url{https://github.com/hyperledger/burrow}"
}

@misc{hyperledger-grid,
  title = "{Hyperledger Grid}",
  howpublished = "\url{https://www.hyperledger.org/use/grid}"
}

@misc{hyperledger-grid-code,
  title = "{Hyperledger Grid (code)}",
  howpublished = "\url{https://github.com/hyperledger/grid}"
}

@misc{verkle,
    title = "Verkle Trees",
    howpublished ="\url{https://vitalik.ca/general/2021/06/18/verkle.html}"
}

@MISC{blockchain-vs-tl-blog,
      AUTHOR = "{Luke Hinds and Santiago Torres-Arias}",
      TITLE = "{sigstore, blockchain vs transparency logs.}",
      NOTE = "\url{https://blog.sigstore.dev/sigstore-blockchain-vs-transparency-logs-d673ea41a9be}",
      Year = "2022",
      Month = "May",
      Day = "30",
}

@MISC{left-pad-incident,
      TITLE = "{kik, left-pad, and npm}",
      NOTE = "\url{https://blog.npmjs.org/post/141577284765/kik-left-pad-and-npm}",
      Year = "2016",
      Month = "March",
      Day = "23",
}

@MISC{event-stream-incident,
      TITLE = "{Details about the event-stream incident}",
      NOTE = "\url{https://blog.npmjs.org/post/180565383195/details-about-the-event-stream-incident}",
      Year = "2018",
      Month = "November",
      Day = "27",
}

@inproceedings{VTCC22,
author = {Sangat Vaidya and Santiago Torres-Arias and Reza Curtmola and Justin Cappos},
title = {Bootstrapping Trust in Community Repository Projects},
year = {2022},
publisher = {EAI},
address = {New York, NY, USA},
booktitle = {Proceedings of the 18th International Conference on Security and Privacy in Communication Networks (SecureComm '22)},
}

